2954 5010
108 2757 162 2806 Fol.
174 2758 220 2805 318
231 2766 266 2805 ν’.

272 368 317 415 170
556 365 714 416 GREGORII
732 365 941 415 TURONENSlS
959 367 1111 417 urtscort

273 501 303 549 et
323 489 445 549 veritus
462 500 492 547 e!
508 489 585 549 vita.
607 512 622 544 »
637 484 688 548 nd
704 485 773 547 baec
790 484 957 571 presbiter
980 510 987 547 τ
1009 511 1026 546 «
1045 485 1222 566 Quomodo
1238 500 1348 550 autem
1364 487 1398 550 in

275 587 402 674 psalmo
419 585 553 663 dicitur,
573 586 666 673 quia¹
686 612 692 648 :
714 587 789 652 Non
807 603 988 675 resurgunt
1002 591 1096 674 impii
1108 592 1142 650 in
1157 589 1274 652 iuditio
1288 593 1306 652 Ρ
1325 616 1341 650 >i
1357 593 1400 653 Et

275 713 337 780 ego
362 688 522 775 respondi
546 713 552 750 z
584 714 600 749 «
625 690 698 774 Non
726 703 919 780 resurgunt,
943 696 991 771 [ut
1011 689 1173 767 iudicent,
1205 690 1264 754 sed
1291 715 1401 754 resur-

275 797 382 882 gunt],
406 804 442 854 ut
464 789 667 856 iudicentur.
692 792 759 855 Nec
784 790 873 855 euim
894 791 1026 855 sedire2
1054 815 1128 856 cum
1156 791 1272 879 impiis
1297 793 1403 856 ludex

276 906 398 981 potest,
436 917 552 956 causas
586 917 721 957 suorum
755 893 948 957 redditurus
982 907 1125 958 actuum.
1168 920 1184 955 n
1219 897 1277 959 Et'
1297 893 1355 958 ille
1394 920 1400 957 :
1435 925 1446 963 5

277 995 495 1073 «Dominus,
522 994 659 1082 inquid,
684 995 718 1058 in
740 996 926 1087 Euangelio
948 996 1081 1060 dixit3:
1110 996 1179 1083 Qui
1200 1021 1267 1060 non
1291 999 1403 1061 erede-

276 1099 371 1175 derit,
385 1103 452 1161 iam
468 1098 635 1161 iudicatus
648 1114 714 1176 est,
735 1098 863 1185 utique,
880 1099 957 1186 quia
974 1098 1099 1185 peribit
1113 1099 1401 1163 resurrectione.»

276 1204 317 1266 Et
342 1224 404 1292 ego
427 1199 610 1287 respondi:
637 1228 654 1262 «
676 1200 845 1265 Iudicatus
865 1215 916 1265 est
936 1201 1037 1280 enim,
1060 1214 1096 1264 ut
1114 1201 1176 1265 abl
1195 1201 1403 1289 supplicium

277 1318 427 1383 eternum
457 1302 641 1390 perveniat,
666 1303 744 1390 quia
771 1327 837 1367 non
869 1303 1013 1368 credidit
1039 1303 1251 1394 unigenitum
1278 1305 1404 1368 Filium

276 1404 357 1484 Dei3
379 1420 490 1469 tamen
510 1419 760 1469 resurrecturus
778 1405 813 1469 in
833 1429 988 1493 corpore,
1005 1420 1041 1470 ut
1056 1405 1166 1494 ipsum
1187 1406 1403 1494 supplitium,
1427 1438 1450 1475 ιο

276 1509 310 1572 in
330 1531 396 1594 quo
420 1507 569 1595 peccavit
589 1507 623 1570 in
646 1532 800 1595 corpore,
818 1509 973 1595 patiatur.
995 1511 1062 1574 Nec
1080 1509 1169 1572 enim
1186 1523 1300 1595 potest
1318 1508 1405 1572 iudi-

277 1610 360 1674 tium
378 1609 462 1688 lieri,
481 1609 545 1672 nisi
566 1610 660 1696 prius
678 1625 856 1702 resurgant
869 1611 1010 1690 mortui;
1029 1611 1118 1698 quia,
1134 1611 1221 1675 sicut
1240 1611 1331 1691 illos,
1346 1611 1406 1698 qui

279 1712 427 1776 defuncti
448 1727 524 1776 sunt
547 1713 664 1781 sancti.
684 1714 813 1791 calum,
831 1727 867 1777 ut
887 1713 1067 1788 credimus,
1094 1714 1230 1792 retinet,
1256 1712 1299 1777 de
1323 1738 1406 1801 quo-

279 1840 352 1880 rum
376 1814 540 1901 sepulcris
566 1816 699 1902 saepius
723 1815 829 1880 virtus
854 1816 910 1880 illa
934 1816 1104 1903 procedit,
1132 1829 1167 1879 ut
1189 1816 1231 1882 dc
1254 1816 1309 1879 his
1332 1816 1407 1881 ceci

279 1917 533 1996 inluminentur,
558 1917 667 1982 claudi
691 1943 843 2009 gressum
862 1919 1038 2006 recipiant,
1066 1917 1214 1983 lebrosi³>
1234 1917 1406 1983 mundaen-
1428 1951 1451 1989 15

278 2035 333 2085 tur
343 2022 366 2097 ὃ,
385 2033 418 2083 et
434 2020 508 2083 aliis
524 2021 701 2084 sanitatum
716 2021 873 2085 benefitia
889 2021 1029 2084 infirmis
1046 2021 1238 2108 petentibus
1252 2019 1406 2085 tribuan-

279 2137 352 2201 tur,
380 2123 424 2187 ita
447 2123 614 2187 credimus
644 2138 677 2188 ct
703 2123 911 2210 peccatoris7
936 2124 969 2186 in
998 2123 1057 2187 illo
1077 2123 1233 2187 infernali
1267 2148 1406 2189 earcere

279 2225 441 2313 usquead
459 2225 618 2289 iudicium
633 2226 805 2289 retineriss.
826 2254 841 2286 u
860 2229 901 2291 Et
914 2226 1081 2313 presbiter
1096 2226 1140 2289 ait
1159 2251 1165 2289 :
1186 2252 1203 2286 ι(
1222 2227 1260 2289 ln
1273 2226 1407 2312 psalmo

280 2343 389 2394 autem
415 2328 581 2418 legimus9
609 2355 615 2390 :
643 2329 786 2416 Spiritus
814 2334 1014 2416 pertransiit
1042 2329 1085 2392 ab
1107 2329 1250 2406 homine,
1279 2345 1310 2393 et
1339 2354 1408 2393 non

281 2437 361 2512 erit;
383 2447 414 2496 et
439 2457 503 2494 non
529 2447 705 2519 cognoscet
730 2433 874 2519 emplius
896 2433 1003 2495 locum
1028 2455 1137 2495 suum.
1168 2457 1185 2492 n
1210 2434 1285 2522 Ego
1311 2431 1401 2495 dixi:
1428 2463 1454 2501 ρο

283 2562 300 2595 u
321 2536 390 2597 Hoc
413 2547 474 2605 est,
500 2533 589 2620 quod
608 2534 679 2620 ipse
702 2534 865 2597 Dominus
884 2559 943 2621 per
966 2534 1158 2620 parabulam
1186 2533 1228 2597 ad
1252 2533 1407 2611 divitem,

283 2636 339 2724 qui
355 2635 495 2699 flammis
510 2636 644 2699 tarteris
656 2635 871 2713 crutiabatur,
885 2636 1051 2700 dicebat¹⁰
1070 2662 1076 2699 :
1093 2637 1256 2726 decepisti
1269 2650 1304 2699 tu
1320 2638 1410 2700 bona

282 2745 316 2803 in
336 2742 401 2802 vita
420 2753 491 2815 tua,
513 2739 664 2802 similiter
683 2753 713 2801 et
738 2740 891 2803 Lazarus
907 2737 920 2827 ΙΙ
937 2740 1041 2803 inula.
1064 2741 1134 2804 Non
1153 2752 1262 2803 autem
1284 2763 1410 2830 cogno·

282 2842 328 2906 vit
346 2841 464 2904 divis¹¹
488 2841 544 2904 ille
563 2864 726 2927 purporas
749 2866 824 2905 suas
845 2856 877 2905 ct
897 2841 990 2904 bisso
1012 2865 1073 2905 nec
1093 2841 1224 2905 dilicias
1247 2842 1408 2921 convivii,

283 2969 364 3032 quas
377 2943 407 3007 ei
416 2943 467 3007 rel
477 2968 532 3007 aer
543 2944 594 3007 vel
605 2958 693 3007 terra
707 2943 759 3007 vel
772 2969 860 3007 mare
872 2944 1073 3030 protulerat3
1092 2943 1178 3007 sicut
1190 2968 1252 3007 nec
1263 2946 1411 3009 Lazarus
1429 2975 1455 3014 25

282 3047 419 3111 vulnera
433 3059 487 3109 aut
502 3046 743 3132 putredinestff,
762 3071 843 3133 quas
862 3046 992 3110 iaccens
1008 3061 1083 3110 ante
1099 3045 1179 3110 aeius
1197 3045 1316 3111 ianuas
1335 3073 1411 3135 per-

284 3150 423 3226 ferebat,
438 3149 489 3213 vel
503 3174 577 3212 cum
587 3149 640 3213 hic
652 3149 686 3212 in
700 3149 773 3211 sinu
788 3149 929 3212 Abrabae
944 3149 1183 3236 requiesceret,
1199 3148 1283 3212 illi¹3
1296 3164 1411 3214 autem

284 3252 489 3316 cruciaretur
509 3251 543 3314 in
562 3250 702 3314 flammis
724 3278 753 3313 n.
773 3251 945 3314 l'resbiter
963 3251 1047 3315 dixit
1070 3277 1075 3315 :
1099 3279 1115 3312 «
1133 3253 1169 3315 ln
1190 3250 1256 3315 alio
1278 3253 1411 3339 psalmo

284 3356 440 3445 legimuS,
457 3354 533 3440 quia
545 3354 570 3398 14
588 3379 594 3416 :
615 3355 714 3418 Exiet
730 3357 866 3442 spiritus
884 3379 996 3418 eorum
1017 3370 1047 3417 et
1065 3368 1272 3418 revertentur
1292 3360 1326 3419 in
1348 3372 1411 3421 ter-

286 3481 359 3525 ram
374 3481 482 3533 suurn,
503 3459 535 3518 in
552 3456 609 3519 illa
633 3457 856 3544 disperibunt
876 3480 987 3520 omues
1007 3460 1221 3546 cogitationes
1240 3481 1370 3522 eorum.
1393 3486 1409 3520 »
1431 3488 1455 3526 30

285 3558 336 3624 bd
360 3559 421 3622 hec
440 3583 502 3648 ego
527 3584 533 3621 τ
564 3586 579 3620 «
601 3562 690 3622 Bene
709 3559 757 3622 ais
771 3558 809 3637 15;
835 3558 924 3647 quia,
955 3584 1029 3622 cum
1053 3582 1210 3649 egressus
1238 3559 1342 3624 fuerit
1370 3562 1411 3624 ab

286 3661 420 3725 homine
437 3661 587 3747 spiritus,
606 3675 638 3725 et
651 3661 789 3726 iacuerit
807 3685 928 3749 corpus
950 3675 1127 3740 mortuum,
1145 3685 1212 3725 non
1224 3662 1355 3754 cogitat
1371 3663 1412 3727 de

287 3763 315 3827 is
338 3763 448 3852 quiin
474 3764 597 3828 mundo
619 3764 825 3853 relinquitlf,
849 3764 915 3828 acs'i
939 3765 1034 3828 verbi
1059 3788 1157 3829 causa
1179 3764 1273 3830 dicas
1302 3791 1309 3830 ε
1334 3768 1411 3832 Non

318 4043 341 4089 1.
353 4046 394 4089 Ps.
406 4043 428 4100 l,
442 4046 506 4089 5.-
517 4043 538 4088 2.
555 4043 624 4088 Corr.
636 4041 734 4090 sedere.
745 4070 772 4077 -
782 4044 805 4089 3.
818 4045 908 4090 loann.
922 4044 944 4100 3,
959 4043 997 4090 18.
1008 4043 1069 4091 -4,
1080 4041 1130 4096 Sic,
1140 4057 1190 4105 pro
1201 4041 1245 4089 ad.
1255 4069 1288 4078 -
1300 4047 1324 4091 5.
1337 4047 1412 4092 Corr.

287 4104 390 4152 librosi.
406 4133 433 4140 —
445 4107 467 4150 6.
481 4107 551 4152 Corr.
566 4104 724 4151 mundentur
744 4132 775 4140 -
787 4107 809 4151 7.
825 4108 895 4152 Corr.
910 4110 1110 4168 peccatores-
1120 4106 1142 4153 8.
1158 4107 1230 4152 Corr.
1244 4108 1370 4154 reteueri.
1384 4136 1412 4143 —

288 4193 316 4202 —
329 4170 353 4214 9.
366 4171 406 4214 Ps.
425 4168 479 4223 102,
494 4167 532 4215 16.
548 4194 576 4201 -
592 4168 630 4214 10.
646 4171 704 4214 Luc.
719 4168 756 4223 16,
776 4169 813 4214 25.
829 4195 861 4203 -
873 4169 911 4214 11.
927 4170 997 4215 Corr.
1013 4167 1094 4214 dives.
1114 4167 1196 4214 -12,
1216 4184 1318 4214 erasum
1336 4175 1363 4216 et
1377 4170 1415 4218 sic

288 4245 352 4276 corr.
365 4230 439 4276 -13,
456 4232 526 4278 Corr.
537 4229 590 4276 ille.
604 4230 683 4277 -14,
695 4233 736 4277 Ps.
750 4231 804 4287 145,
818 4231 841 4278 1.
850 4258 882 4266 -
894 4231 932 4277 15.
947 4232 1017 4277 Corr.
1033 4229 1190 4294 agis-16.
1205 4232 1278 4281 Corr.
1291 4230 1413 4296 reliquit.
