2954 5010
283 405 313 453 72
561 400 722 450 unnuonn
740 399 948 450 TURONENSIS
966 399 1116 448 EPISCOPI

282 522 366 585 ciam
388 520 514 585 dicioni
538 531 669 583 nostrae
691 518 838 594 subdite,
866 541 950 605 quae
975 516 1093 583 Galliis
1119 531 1170 581 est
1193 516 1405 606 propinqua;

282 623 357 711 qnia
388 622 563 710 indignum
592 634 654 698 est,
689 631 724 684 nt
751 620 996 684 horrendorum
1025 619 1212 696 Gltotorum
1242 621 1407 684 terminus

282 748 386 812 usque
402 726 434 787 in
452 723 569 789 Galliis
585 724 628 787 sit
645 735 813 787 extensus.
832 749 847 783 u
864 725 957 786 Tunc
971 734 1136 786 commoto
1152 723 1244 786 omni
1257 722 1406 786 exercitu

281 827 377 915 regni
406 825 469 903 sui,
499 824 580 888 illud
608 822 736 914 dirigit.
767 825 892 887 Gentes
920 848 1010 900 vero,
1040 847 1125 911 quae
1152 824 1239 887 ultra
1265 824 1405 888 Ararem

283 929 522 1016 Rodannmque
539 939 571 991 et
590 929 781 1016 Sequanam
802 927 1069 1005 cummanebant,
1094 951 1168 990 eum
1188 926 1407 1016 Burgundio-
1438 960 1448 998 5

282 1031 379 1095 nibus
397 1031 519 1108 iuncte,
540 1029 674 1093 Ararica
694 1029 1001 1116 Rhodinitaeaque¹
1023 1030 1121 1092 litora
1139 1042 1206 1092 tam
1228 1029 1269 1093 de
1291 1028 1404 1092 lrneti-

282 1134 344 1197 bus
363 1157 460 1220 quam
479 1132 520 1195 de
539 1133 717 1220 pecoribus
737 1131 832 1195 valde
850 1130 1044 1219 depopulati
1063 1144 1152 1195 suut.
1171 1131 1277 1195 Multa
1298 1131 1406 1195 horni-

283 1236 385 1313 oidia,
413 1234 566 1299 incendia
595 1233 802 1322 praedasque
829 1233 863 1297 in
890 1232 1028 1323 regione
1051 1232 1187 1321 propria
1223 1234 1402 1310 facientes,

283 1338 342 1402 sed
370 1351 403 1402 et
427 1337 565 1417 eclesias
594 1337 815 1411 denudantes,
843 1335 986 1400 clericus
1009 1336 1125 1423 ipsus2
1148 1359 1222 1399 cum
1251 1337 1406 1400 sacerdo·

282 1441 373 1504 tibus
394 1463 431 1503 ac
456 1437 584 1528 reliquo
606 1437 730 1526 populo
754 1437 795 1501 ad
818 1439 905 1526 ipsas
931 1450 1075 1501 sacratas
1095 1440 1166 1501 Deo
1188 1438 1448 1509 arasintere-10

285 1554 425 1618 mentes,
448 1536 613 1629 usquead
634 1541 748 1604 urbem
770 1543 954 1605 Nemausus
973 1553 1221 1628 processerunt.
1244 1539 1407 1604 Similiter

285 1657 319 1708 et
337 1643 503 1732 Bytnrigi,
532 1643 724 1707 Sanetonici
745 1667 817 1706 cnm
844 1640 1077 1720 Petrocoricis,
1103 1641 1407 1706 Eeoleseneusibus

284 1747 336 1811 vel
352 1747 555 1835 reliquarum
571 1746 703 1810 urbium
720 1745 892 1834 populum,
910 1746 967 1833 qni
983 1759 1064 1809 tunc
1081 1747 1121 1809 ad
1138 1745 1299 1809 antedicti
1320 1746 1407 1834 regis

286 1850 427 1937 irnperio
448 1849 681 1938 pertenebant,
704 1849 870 1938 usquead
892 1850 1112 1912 Carcasonam
1133 1848 1249 1911 urbem
1273 1847 1405 1925 devicti,

286 1951 406 2015 similia
431 1952 513 2016 mala
536 1963 726 2041 gesserunt.
745 1949 757 2040 [l
781 1951 847 2016 Sed
870 1975 943 2014 cum
969 1950 1010 2014 ad
1035 1951 1149 2013 urbem
1173 1951 1406 2032 accessissent,
1430 1983 1453 2020 u

287 2056 442 2118 reseratis
473 2067 592 2141 sponte
621 2054 661 2116 ab
693 2054 911 2116 abitatoribus
943 2054 1063 2140 portis,
1094 2053 1186 2116 nullo
1215 2050 1408 2130 resistente,

287 2154 442 2245 ingressi,
469 2156 581 2219 nescio
606 2179 672 2243 quo
697 2178 771 2218 cum
798 2153 1104 2218 Carcasonensibus
1131 2153 1289 2218 seandalo
1317 2179 1410 2219 cum-

288 2270 389 2335 moto,
413 2260 528 2321 urbem
549 2256 675 2347 egressi
697 2269 786 2322 sunt.
809 2260 901 2321 Tunc
922 2257 1156 2321 'lerreuciolus
1177 2256 1282 2321 comis
1302 2282 1410 2345 quou-

287 2360 363 2424 dam
385 2361 477 2424 urbis
495 2360 729 2438 Lenuviciness,
742 2357 854 2446 lapide
872 2358 914 2422 de
936 2382 1028 2423 muro
1045 2358 1196 2447 proiecto
1215 2383 1410 2447 percussus,

287 2461 454 2527 occubuit.
488 2464 590 2526 Cuius
620 2475 718 2551 caput
749 2474 939 2525 truncatum
971 2461 1012 2526 ad
1042 2460 1223 2525 vindictam
1255 2461 1412 2527 adversa·
1433 2495 1458 2533 ρο

289 2565 412 2628 riorum
440 2564 514 2628 urbi
541 2565 686 2629 delatum
714 2577 776 2628 est.
806 2567 854 2628 Ex
885 2565 948 2628 hoc
976 2588 1091 2628 omues
1119 2564 1263 2652 populus
1290 2565 1413 2630 timore

288 2668 499 2754 proterritus,
518 2667 558 2730 ad
576 2668 710 2756 propria
726 2666 859 2757 regredi
877 2666 1060 2744 destinans,
1079 2667 1233 2729 universa
1251 2666 1412 2754 reliquid,

289 2792 353 2856 que
382 2769 432 2832 vel
455 2794 512 2856 per
535 2768 616 2833 viam
637 2783 793 2857 coeperat
818 2768 868 2834 vel
894 2793 958 2857 que
983 2792 1094 2832 secum
1121 2767 1317 2833 adduxerat.
1345 2771 1414 2834 Sed

289 2885 322 2936 et
356 2872 458 2937 Gothi
491 2896 551 2961 per
585 2872 731 2936 occultas
767 2871 907 2936 insidias
942 2871 1060 2935 multas
1095 2871 1136 2934 de
1170 2870 1222 2936 his
1258 2872 1415 2960 spoliatis

290 2975 550 3053 interemerunt;
586 2977 671 3039 exim
705 2975 739 3038 in
773 2974 1013 3039 Tolosanorurn
1049 2998 1164 3037 manus
1201 2974 1413 3054 incedentes,
1436 3008 1461 3045 25

291 3077 424 3165 quibus,
447 3076 525 3141 dum
545 3092 737 3168 pergerent,
761 3077 861 3141 multa
884 3077 1078 3141 intullerant
1099 3076 1196 3155 mala,
1218 3076 1356 3164 spoliati
1377 3103 1416 3143 ac

292 3181 359 3244 cesi
395 3181 447 3243 vix
484 3180 619 3269 propria
656 3183 850 3270 contingere
889 3193 1079 3267 potuerunt.
1121 3179 1181 3244 llic
1219 3204 1316 3258 vero,
1357 3184 1416 3270 qni

150 3277 506 3372 Col.1100.Nellmausum
533 3283 684 3373 adgressi
713 3285 855 3364 lucrant,
883 3284 1094 3347 devastantes
1119 3282 1273 3346 universa
1300 3284 1417 3373 regio-

293 3386 362 3462 nis,
385 3387 555 3449 succensis
575 3386 745 3465 domibus,
769 3386 915 3451 incensis
937 3384 1117 3474 segitibns,
1146 3383 1269 3448 decisis
1290 3385 1418 3451 olivitis

292 3487 479 3573 viniisque4
499 3488 651 3566 succisis,
670 3488 753 3552 nihil
772 3489 910 3553 inclusis
935 3511 1054 3551 nocere
1076 3498 1243 3574 potentes,
1266 3488 1308 3552 ad
1334 3489 1418 3553 alias
1439 3520 1464 3557 ao

293 3590 415 3653 urbes5
431 3592 602 3680 progressi
621 3603 709 3653 sunt.
733 3593 835 3655 Erant
852 3593 940 3655 enim
959 3590 1054 3654 valde
1072 3590 1196 3669 munite
1213 3590 1305 3654 etde
1322 3591 1419 3678 cybis

294 3715 330 3754 ao
360 3691 496 3777 reliquis
525 3691 721 3756 necessariis
749 3693 891 3780 adplene
921 3693 1053 3770 referte,
1082 3703 1114 3754 et
1141 3692 1258 3754 horum
1288 3693 1418 3757 urbana

294 3793 537 3880 depopulantes
553 3793 713 3881 urbisque
730 3794 838 3859 minus
857 3795 1047 3883 inrumpere
1063 3793 1249 3857 valuerunt.
1271 3797 1367 3859 'lunc
1387 3811 1421 3861 et

294 3896 447 3960 Nieecius
470 3897 536 3960 dux
557 3922 630 3961 cum
654 3898 810 3960 Arvernis
836 3897 869 3961 in
892 3899 953 3961 hee
975 3894 1191 3984 expedicione
1214 3912 1417 3976 commotus,

295 4022 368 4062 eum
382 3996 519 4084 reliquis
533 4000 623 4062 urbis
636 3999 778 4063 adsedit.
792 4000 858 4065 Sed
872 4025 944 4063 eum
959 4025 1074 4079 monus
1086 3999 1215 4077 valerit,
1226 3999 1268 4063 ad
1278 4000 1418 4079 cedrum
1440 4033 1466 4071 aa

325 4194 348 4240 1.
364 4197 434 4240 (err.
451 4193 676 4256 Rhodinitieuque.
692 4223 721 4230 —
736 4197 758 4243 2.
778 4198 849 4242 Cori.
868 4196 976 4241 elericos
996 4195 1077 4258 ipsos.
1091 4223 1122 4230 -
1135 4197 1156 4242 3.
1172 4193 1221 4252 sic,
1229 4211 1279 4259 pro
1294 4195 1421 4244 Lemuri-

295 4256 359 4303 cinr.
375 4283 402 4290 —
416 4258 438 4302 li.
455 4261 525 4302 sorr.
538 4256 641 4304 olivetis
655 4258 801 4322 aeneisque.
813 4286 844 4292 -
854 4262 877 4305 5.
890 4259 952 4305 (od.
967 4258 1025 4306 urb.
