2954 5010
265 386 294 431 'at
543 382 700 432 Gaattoatt
719 384 928 434 rtssuoxan'sts
945 384 1096 435 arascos!

266 524 348 573 reru,
381 499 601 563 admiscentes
633 523 812 588 parumper
846 500 963 581 farine,
994 524 1113 589 panem
1145 502 1379 569 conficiebant.

266 600 361 666 ,ttutti
377 602 465 665 enim
487 602 599 665 erbam
619 603 770 691 sigituml
791 602 1001 681 decidentes,
1024 603 1183 669 similiter
1204 605 1381 672 faciebant.

267 705 414 769 Fuerunt
431 704 530 767 etiam
556 703 662 782 multi,
689 704 810 792 quibus
835 730 901 770 non
928 718 1000 770 erat
1025 704 1155 794 aliquid
1184 705 1309 788 farine,
1330 712 1383 797 qui

265 804 413 871 diversas
432 805 617 895 caligantes
639 807 735 871 erbas
755 821 789 872 et
808 808 1034 886 comedentes,
1055 808 1232 875 tumefacti
1257 809 1385 876 defitie-

266 909 358 973 bant.
378 908 515 972 Plurimi
533 908 620 973 enim
642 922 720 974 tunc
736 934 776 974 ex
793 909 904 974 inedia
924 911 1128 976 tabisceates
1150 915 1279 978 mortui
1297 927 1381 982 sunt.
1409 947 1418 986 ι

267 1011 419 1074 Graviter
439 1023 518 1075 tuuc
543 1011 790 1101 negotiatorcs²
814 1013 975 1102 populum
995 1013 1264 1103 expoliaverunt,
1288 1016 1335 1081 ita
1354 1029 1386 1081 ut

130 1131 251 1181 fetata.
267 1113 320 1178 vix
345 1113 396 1177 vel
421 1113 565 1177 modium
590 1138 719 1179 annone
742 1127 797 1178 aut
825 1115 1010 1180 semodium
1034 1117 1102 1180 vini
1125 1116 1139 1206 ΙΙ
1162 1141 1234 1182 uno
1258 1130 1385 1183 treanta

266 1217 505 1281 venundarent.
533 1217 729 1282 Subdcbant
749 1218 905 1307 pauperis
927 1218 1078 1297 servitio,
1105 1232 1142 1284 ut
1168 1220 1386 1309 quantulum-

266 1343 408 1409 cumque
426 1319 468 1383 de
485 1320 642 1385 alimento
660 1334 890 1409 porregercnt.

311 1508 396 1573 XLV
412 1504 488 1590 (46).
512 1503 569 1567 llis
587 1503 945 1593 diebusChristolorus
962 1507 1175 1595 negotiatur³
1189 1507 1234 1571 ad
1248 1506 1386 1572 Aurilia·
1401 1536 1417 1576 ιι

268 1632 403 1673 nensem
423 1607 536 1671 urbem
558 1608 675 1671 habiit.
696 1608 855 1672 Audierat
870 1609 971 1685 enirn,
993 1609 1083 1697 quod
1101 1608 1231 1673 ibidem
1247 1611 1385 1675 multum

268 1712 334 1775 vini
354 1710 492 1775 dilatum
511 1709 639 1775 luisset.
664 1711 809 1776 llabiens
831 1735 924 1802 ergo,
943 1711 1157 1799 comparatot
1173 1712 1256 1778 vino
1276 1726 1311 1778 et
1326 1713 1385 1779 lin·

269 1815 374 1878 tribus
390 1814 533 1892 invecto,
545 1826 681 1903 accepto
697 1838 859 1878 easoeero
876 1815 1017 1902 pecunia
1032 1814 1146 1891 multa,
1162 1838 1240 1878 eum
1258 1815 1385 1880 duobus

268 1918 380 2004 pueris
405 1916 590 1980 Saxonibus
614 1917 698 1979 viam
726 1915 906 2004 equitando
933 1916 1074 1981 terebat.
1101 1915 1201 1981 Pueri
1227 1942 1310 1984 vero
1333 1919 1384 1982 diu

268 2018 609 2082 dominumeaosum‘J
600 2019 1087 2107 habentlesctplerumque
1084 2042 1148 2108 uga
1161 2018 1332 2102 labentes
1350 2045 1414 2087 eoa

268 2121 356 2209 quod
380 2121 529 2185 erebrius
554 2119 747 2211 gravissime
768 2120 1035 2198 verberarentur,
1057 2145 1132 2185 cum
1156 2121 1335 2187 venissent
1354 2122 1383 2187 in

268 2224 408 2312 quadam
423 2223 502 2287 silva
508 2248 594 2313 pr(
587 2223 735 2288 cedente
755 2223 889 2287 domino
894 2247 1000 2311 ,puer
1016 2246 1101 2286 unus
1118 2221 1262 2288 iaculata
1280 2224 1383 2290 valide

268 2325 368 2390 lantia
399 2326 570 2391 dominum
602 2351 696 2390 suum
725 2325 901 2390 transfixit
934 2327 1008 2406 Quo
1037 2337 1168 2404 ruente,
1195 2326 1283 2391 alius
1315 2352 1382 2392 cam
1427 2414 1430 2419 Ι

268 2429 388 2493 framea
410 2428 518 2517 capud
537 2430 606 2492 eius
629 2427 832 2492 dilaceravit.
852 2429 893 2491 Et
915 2428 961 2490 sic
988 2429 1029 2491 ab
1052 2439 1195 2514 utroque
1215 2428 1253 2492 in
1274 2428 1382 2493 frustis

266 2530 412 2619 decisus,
428 2531 579 2595 exanimo
594 2544 644 2594 est
664 2530 810 2595 relictus.
829 2530 868 2594 lli
883 2554 960 2595 vero
976 2528 1179 2618 accipientes
1194 2531 1411 2619 pecuniam,a

268 2635 344 2723 luga
360 2633 481 2723 dilapsi
495 2645 583 2698 sunt.
600 2636 714 2697 Frater
728 2657 806 2697 vcro
820 2632 1010 2709 Cristolori,
1023 2632 1155 2720 sepulto
1171 2633 1379 2721 corpuseolo,

268 2737 420 2802 homines
444 2761 520 2801 suos
542 2748 617 2825 post
638 2760 759 2824 pucros
780 2734 906 2824 dirigit.
936 2735 1067 2799 luniorc
1090 2759 1224 2823 quoque
1244 2761 1381 2827 conpre-

130 2858 185 2905 col
197 2858 251 2905 :ito
268 2842 374 2905 hensa
405 2840 529 2929 legant,
560 2838 691 2903 seniore
721 2863 794 2902 cum
827 2837 966 2926 pecunia
1003 2836 1176 2928 lussgiente.
1208 2837 1222 2927 Η
1257 2839 1380 2922 Quibus

95 2938 250 2986 ¹²⁰¹··²¹⁶'⁰
269 2895 510 3022 rediuntibiisss,
551 2966 624 3005 cum
660 2941 806 3006 vinctum
844 2941 947 3004 laxius
987 2939 1215 3028 reliquissent,
1251 2955 1380 3031 accepta
1427 2980 1430 2999 ι

268 3046 387 3124 lancia,
412 3070 512 3110 unum
544 3069 584 3109 ex
614 3044 667 3108 his
694 3070 710 3108 a
745 3045 866 3133 quibus
895 3044 1080 3107 ducebatur
1111 3042 1297 3109 interemit.
1321 3018 1430 3110 Sedal

267 3149 431 3214 deductus
448 3151 489 3213 ab
500 3147 572 3212 aliis
589 3172 694 3237 usque
708 3151 873 3224 'lovonus,
891 3146 1030 3210 diversis
1046 3145 1221 3234 suppliciis
1235 3147 1379 3212 adlectus

267 3253 563 3339 detruncatusque,
583 3250 730 3339 patibolo
750 3249 844 3313 valde
860 3248 1019 3312 exanimis
1033 3261 1083 3312 est
1103 3248 1286 3338 adpensus.

312 3438 412 3503 XLVl
428 3435 505 3522 (47).
525 3433 643 3499 Gravia
664 3446 742 3498 tunc
761 3434 848 3496 inter
868 3431 1050 3495 'l'oronicos
1071 3431 1158 3495 cives
1170 3431 1262 3496 bella
1278 3433 1380 3498 civilia

268 3553 494 3603 surrexerunt.
516 3539 598 3603 Nam
619 3535 801 3613 Sicharius,
822 3534 979 3598 lobannis
997 3533 1164 3622 quondam
1187 3533 1290 3615 lilius,
1308 3536 1380 3601 dum

268 3641 309 3705 ad
325 3640 442 3705 natalis
461 3639 618 3704 dominici
636 3638 796 3702 solemnia
811 3636 899 3724 apud
920 3637 1263 3727 bloritalomagensem
1278 3638 1381 3704 vicum
1395 3663 1413 3703 ιι

268 3769 342 3808 cum
355 3743 603 3832 ilustrighysilo
615 3740 828 3829 reliquosque
839 3738 995 3828 pagensis
1008 3740 1205 3819 celebraret,
1217 3741 1381 3828 presbiter
1428 3728 1430 3815 l

268 3846 333 3912 loci
355 3846 444 3910 misit
463 3871 602 3935 puerum
622 3843 663 3907 ad
684 3841 870 3931 aliquorum
891 3844 1061 3907 bominum
1084 3841 1334 3923 invitacionem,
1352 3855 1382 3907 at

269 3949 310 4013 ad
339 3949 473 4013 domum
501 3949 572 4012 eius
600 3944 740 4009 bibendi
763 3944 872 4034 gracia
898 3944 1011 4007 venire
1033 3944 1200 4009 deberint.
1222 3946 1382 4010 Veniente

300 4187 324 4235 1.
348 4189 419 4235 Corr.
439 4184 561 4247 segitum.
579 4183 649 4228 -‘.>.
670 4184 740 4228 Corr.
759 4181 995 4244 negotiatorcsae-
962 4186 1035 4230 -.3
1057 4187 1128 4232 Corr.
1145 4182 1348 4245 negotiator.-
1314 4185 1382 4231 -b

270 4251 341 4297 Corr
358 4253 553 4311 conparato.-
521 4248 677 4293 -..5Corr
691 4259 822 4292 exessum.
837 4247 984 4293 —6.Corr
997 4246 1177 4294 redeuntibus.
