<?xml version="1.0" encoding="UTF-8"?>
<!DOCTYPE html PUBLIC "-//W3C//DTD XHTML 1.0 Transitional//EN"
    "http://www.w3.org/TR/xhtml1/DTD/xhtml1-transitional.dtd">
<html xmlns="http://www.w3.org/1999/xhtml" xml:lang="en" lang="en">
 <head>
  <title>
</title>
<meta http-equiv="Content-Type" content="text/html;charset=utf-8" />
  <meta name='ocr-system' content='tesseract 3.04.00' />
  <meta name='ocr-capabilities' content='ocr_page ocr_carea ocr_par ocr_line ocrx_word'/>
</head>
<body>
  <div class='ocr_page' id='page_1' title='image "./grgoiredetoursh00collgoog_0054.png"; bbox 0 0 2954 5010; ppageno 0'>
   <div class='ocr_carea' id='block_1_1' title="bbox 297 393 1131 445">
    <p class='ocr_par' dir='ltr' id='par_1_1' title="bbox 297 393 1131 445">
     <span class='ocr_line' id='line_1_1' title="bbox 297 393 1131 445; baseline -0.004 -1"><span class='ocrx_word' id='word_1_1' title='bbox 297 398 328 444; x_wconf 78' lang='lat'>¹¹0</span> <span class='ocrx_word' id='word_1_2' title='bbox 577 395 734 445; x_wconf 68' lang='lat' dir='ltr'>nuruum!</span> <span class='ocrx_word' id='word_1_3' title='bbox 753 395 963 444; x_wconf 73' lang='lat' dir='ltr'>Tuuoxuxsts</span> <span class='ocrx_word' id='word_1_4' title='bbox 980 393 1131 443; x_wconf 72' lang='lat' dir='ltr'>criscort</span> 
     </span>
    </p>
   </div>
   <div class='ocr_carea' id='block_1_2' title="bbox 159 510 1457 3570">
    <p class='ocr_par' dir='ltr' id='par_1_2' title="bbox 159 510 1457 3570">
     <span class='ocr_line' id='line_1_2' title="bbox 298 510 1416 600; baseline -0.003 -23"><span class='ocrx_word' id='word_1_5' title='bbox 298 512 418 577; x_wconf 80' lang='lat' dir='ltr'><strong>comite</strong></span> <span class='ocrx_word' id='word_1_6' title='bbox 447 527 479 576; x_wconf 91' lang='lat' dir='ltr'>ct</span> <span class='ocrx_word' id='word_1_7' title='bbox 511 515 641 577; x_wconf 83' lang='lat' dir='ltr'>Bosonc</span> <span class='ocrx_word' id='word_1_8' title='bbox 670 525 844 600; x_wconf 89' lang='lat' dir='ltr'>susceptus</span> <span class='ocrx_word' id='word_1_9' title='bbox 862 518 949 594; x_wconf 87' lang='lat' dir='ltr'>[est].</span> <span class='ocrx_word' id='word_1_10' title='bbox 970 510 1173 576; x_wconf 81' lang='lat' dir='ltr'>Mummolus</span> <span class='ocrx_word' id='word_1_11' title='bbox 1203 523 1316 574; x_wconf 85' lang='lat' dir='ltr'>autem</span> <span class='ocrx_word' id='word_1_12' title='bbox 1345 535 1416 575; x_wconf 92' lang='lat' dir='ltr'>cum</span> 
     </span>
     <span class='ocr_line' id='line_1_3' title="bbox 299 612 1415 704; baseline -0.001 -26"><span class='ocrx_word' id='word_1_13' title='bbox 299 615 498 679; x_wconf 86' lang='lat' dir='ltr'>satellitibus</span> <span class='ocrx_word' id='word_1_14' title='bbox 513 614 545 678; x_wconf 94' lang='lat' dir='ltr'>in</span> <span class='ocrx_word' id='word_1_15' title='bbox 564 615 645 678; x_wconf 90' lang='lat' dir='ltr'>urbe</span> <span class='ocrx_word' id='word_1_16' title='bbox 662 638 851 704; x_wconf 84' lang='lat' dir='ltr'>regressus,</span> <span class='ocrx_word' id='word_1_17' title='bbox 869 627 999 703; x_wconf 92' lang='lat' dir='ltr'>portam</span> <span class='ocrx_word' id='word_1_18' title='bbox 1018 612 1210 693; x_wconf 75' lang='lat' dir='ltr'>firmissime</span> <span class='ocrx_word' id='word_1_19' title='bbox 1233 612 1415 679; x_wconf 79' lang='lat' dir='ltr'><strong>obseravit.</strong></span> 
     </span>
     <span class='ocr_line' id='line_1_4' title="bbox 299 715 1416 794; baseline -0.002 -13"><span class='ocrx_word' id='word_1_20' title='bbox 299 716 361 781; x_wconf 88' lang='lat' dir='ltr'>llic</span> <span class='ocrx_word' id='word_1_21' title='bbox 376 729 484 781; x_wconf 89' lang='lat' dir='ltr'>autem</span> <span class='ocrx_word' id='word_1_22' title='bbox 500 742 573 781; x_wconf 92' lang='lat' dir='ltr'>cum</span> <span class='ocrx_word' id='word_1_23' title='bbox 590 742 624 780; x_wconf 88' lang='lat' dir='ltr'>se</span> <span class='ocrx_word' id='word_1_24' title='bbox 638 716 670 780; x_wconf 91' lang='lat' dir='ltr'>in</span> <span class='ocrx_word' id='word_1_25' title='bbox 685 718 836 781; x_wconf 86' lang='lat' dir='ltr'>manibus</span> <span class='ocrx_word' id='word_1_26' title='bbox 853 716 1061 781; x_wconf 88' lang='lat' dir='ltr'>inimicorum</span> <span class='ocrx_word' id='word_1_27' title='bbox 1073 728 1230 781; x_wconf 87' lang='lat' dir='ltr'>cerneret</span> <span class='ocrx_word' id='word_1_28' title='bbox 1242 715 1416 794; x_wconf 86' lang='lat' dir='ltr'>traditum,</span> 
     </span>
     <span class='ocr_line' id='line_1_5' title="bbox 298 816 1418 898; baseline -0.001 -16"><span class='ocrx_word' id='word_1_29' title='bbox 298 819 433 883; x_wconf 87' lang='lat' dir='ltr'>clevatis</span> <span class='ocrx_word' id='word_1_30' title='bbox 456 819 497 884; x_wconf 88' lang='lat' dir='ltr'>ad</span> <span class='ocrx_word' id='word_1_31' title='bbox 524 818 630 898; x_wconf 77' lang='lat' dir='ltr'>celum</span> <span class='ocrx_word' id='word_1_32' title='bbox 656 817 820 898; x_wconf 87' lang='lat' dir='ltr'>manibus,</span> <span class='ocrx_word' id='word_1_33' title='bbox 845 819 890 883; x_wconf 90' lang='lat' dir='ltr'>ait</span> <span class='ocrx_word' id='word_1_34' title='bbox 914 845 921 886; x_wconf 94' lang='lat'><strong>:</strong></span> <span class='ocrx_word' id='word_1_35' title='bbox 947 845 963 880; x_wconf 82' lang='lat' dir='ltr'>n</span> <span class='ocrx_word' id='word_1_36' title='bbox 994 817 1096 883; x_wconf 86' lang='lat' dir='ltr'>ludex</span> <span class='ocrx_word' id='word_1_37' title='bbox 1116 829 1254 882; x_wconf 84' lang='lat' dir='ltr'>aeterne</span> <span class='ocrx_word' id='word_1_38' title='bbox 1274 830 1308 881; x_wconf 90' lang='lat' dir='ltr'>et</span> <span class='ocrx_word' id='word_1_39' title='bbox 1334 816 1418 882; x_wconf 91' lang='lat' dir='ltr'>ulcio</span> 
     </span>
     <span class='ocr_line' id='line_1_6' title="bbox 298 917 1455 1008; baseline -0.001 -25"><span class='ocrx_word' id='word_1_40' title='bbox 298 943 373 984; x_wconf 90' lang='lat' dir='ltr'>vera</span> <span class='ocrx_word' id='word_1_41' title='bbox 397 920 647 997; x_wconf 81' lang='lat' dir='ltr'>innocencium,</span> <span class='ocrx_word' id='word_1_42' title='bbox 672 923 777 997; x_wconf 87' lang='lat' dir='ltr'>Deus,</span> <span class='ocrx_word' id='word_1_43' title='bbox 802 944 819 983; x_wconf 89' lang='lat' dir='ltr'>a</span> <span class='ocrx_word' id='word_1_44' title='bbox 847 944 912 1008; x_wconf 93' lang='lat' dir='ltr'>quo</span> <span class='ocrx_word' id='word_1_45' title='bbox 936 920 1069 984; x_wconf 86' lang='lat' dir='ltr'>omnes¹</span> <span class='ocrx_word' id='word_1_46' title='bbox 1094 917 1220 984; x_wconf 90' lang='lat' dir='ltr'>iustitia</span> <span class='ocrx_word' id='word_1_47' title='bbox 1248 918 1416 1008; x_wconf 83' lang='lat' dir='ltr'>procedit,</span> <span class='ocrx_word' id='word_1_48' title='bbox 1444 945 1455 983; x_wconf 80' lang='lat' dir='ltr'>s</span> 
     </span>
     <span class='ocr_line' id='line_1_7' title="bbox 299 1021 1419 1112; baseline 0 -26"><span class='ocrx_word' id='word_1_49' title='bbox 299 1022 350 1087; x_wconf 91' lang='lat' dir='ltr'>cui</span> <span class='ocrx_word' id='word_1_50' title='bbox 371 1024 576 1087; x_wconf 85' lang='lat' dir='ltr'>mendacium</span> <span class='ocrx_word' id='word_1_51' title='bbox 596 1047 661 1086; x_wconf 93' lang='lat' dir='ltr'>non</span> <span class='ocrx_word' id='word_1_52' title='bbox 687 1023 808 1112; x_wconf 84' lang='lat' dir='ltr'>placet,</span> <span class='ocrx_word' id='word_1_53' title='bbox 828 1022 861 1086; x_wconf 94' lang='lat' dir='ltr'>in</span> <span class='ocrx_word' id='word_1_54' title='bbox 885 1047 951 1111; x_wconf 92' lang='lat' dir='ltr'>quo</span> <span class='ocrx_word' id='word_1_55' title='bbox 974 1021 1085 1087; x_wconf 92' lang='lat' dir='ltr'>nullus</span> <span class='ocrx_word' id='word_1_56' title='bbox 1103 1021 1199 1086; x_wconf 89' lang='lat' dir='ltr'>dolus</span> <span class='ocrx_word' id='word_1_57' title='bbox 1215 1045 1331 1110; x_wconf 88' lang='lat' dir='ltr'>neque</span> <span class='ocrx_word' id='word_1_58' title='bbox 1347 1046 1419 1086; x_wconf 88' lang='lat' dir='ltr'>ver·</span> 
     </span>
     <span class='ocr_line' id='line_1_8' title="bbox 299 1124 1417 1215; baseline -0.001 -26"><span class='ocrx_word' id='word_1_59' title='bbox 299 1127 388 1189; x_wconf 88' lang='lat' dir='ltr'>socia</span> <span class='ocrx_word' id='word_1_60' title='bbox 410 1124 538 1205; x_wconf 70' lang='lat' dir='ltr'>malicie</span> <span class='ocrx_word' id='word_1_61' title='bbox 560 1125 765 1199; x_wconf 68' lang='lat' dir='ltr'>contenitur,</span> <span class='ocrx_word' id='word_1_62' title='bbox 798 1125 810 1215; x_wconf 80' lang='grc' dir='ltr'>Η</span> <span class='ocrx_word' id='word_1_63' title='bbox 844 1126 906 1189; x_wconf 92' lang='lat' dir='ltr'>tibi</span> <span class='ocrx_word' id='word_1_64' title='bbox 922 1124 1120 1189; x_wconf 89' lang='lat' dir='ltr'>commendo</span> <span class='ocrx_word' id='word_1_65' title='bbox 1141 1148 1277 1188; x_wconf 85' lang='lat' dir='ltr'>causam</span> <span class='ocrx_word' id='word_1_66' title='bbox 1300 1148 1417 1203; x_wconf 88' lang='lat' dir='ltr'>meam,</span> 
     </span>
     <span class='ocr_line' id='line_1_9' title="bbox 299 1227 1419 1316; baseline 0 -25"><span class='ocrx_word' id='word_1_67' title='bbox 299 1228 495 1316; x_wconf 77' lang='lat' dir='ltr'>deprecans,</span> <span class='ocrx_word' id='word_1_68' title='bbox 509 1241 544 1293; x_wconf 94' lang='lat' dir='ltr'>ut</span> <span class='ocrx_word' id='word_1_69' title='bbox 558 1229 602 1291; x_wconf 91' lang='lat' dir='ltr'>sis</span> <span class='ocrx_word' id='word_1_70' title='bbox 614 1227 774 1292; x_wconf 88' lang='lat' dir='ltr'>velociter</span> <span class='ocrx_word' id='word_1_71' title='bbox 785 1229 896 1293; x_wconf 67' lang='grc' dir='ltr'>ινΙῐυν·Ξ</span> <span class='ocrx_word' id='word_1_72' title='bbox 912 1252 1013 1315; x_wconf 90' lang='lat' dir='ltr'>super</span> <span class='ocrx_word' id='word_1_73' title='bbox 1027 1252 1097 1304; x_wconf 88' lang='lat' dir='ltr'>eus,</span> <span class='ocrx_word' id='word_1_74' title='bbox 1112 1228 1168 1315; x_wconf 92' lang='lat' dir='ltr'>qui</span> <span class='ocrx_word' id='word_1_75' title='bbox 1184 1250 1238 1291; x_wconf 89' lang='lat' dir='ltr'>mc</span> <span class='ocrx_word' id='word_1_76' title='bbox 1252 1227 1419 1291; x_wconf 84' lang='lat' dir='ltr'>insontem</span> 
     </span>
     <span class='ocr_line' id='line_1_10' title="bbox 299 1329 1418 1409; baseline 0 -15"><span class='ocrx_word' id='word_1_77' title='bbox 299 1330 331 1394; x_wconf 91' lang='lat' dir='ltr'>in</span> <span class='ocrx_word' id='word_1_78' title='bbox 362 1331 512 1394; x_wconf 87' lang='lat' dir='ltr'>manibus</span> <span class='ocrx_word' id='word_1_79' title='bbox 536 1330 746 1395; x_wconf 87' lang='lat' dir='ltr'>tradiderunt</span> <span class='ocrx_word' id='word_1_80' title='bbox 774 1332 996 1395; x_wconf 87' lang='lat' dir='ltr'>inimicorum.</span> <span class='ocrx_word' id='word_1_81' title='bbox 1028 1357 1045 1392; x_wconf 82' lang='lat' dir='ltr'>u</span> <span class='ocrx_word' id='word_1_82' title='bbox 1074 1332 1142 1409; x_wconf 76' lang='lat' dir='ltr'>llec</span> <span class='ocrx_word' id='word_1_83' title='bbox 1164 1353 1241 1394; x_wconf 91' lang='lat' dir='ltr'>cum</span> <span class='ocrx_word' id='word_1_84' title='bbox 1265 1329 1418 1408; x_wconf 81' lang='lat' dir='ltr'>dixisset,</span> 
     </span>
     <span class='ocr_line' id='line_1_11' title="bbox 299 1430 1454 1522; baseline -0.001 -24"><span class='ocrx_word' id='word_1_85' title='bbox 299 1434 499 1522; x_wconf 88' lang='lat' dir='ltr'>consignans</span> <span class='ocrx_word' id='word_1_86' title='bbox 521 1458 556 1497; x_wconf 90' lang='lat' dir='ltr'>se</span> <span class='ocrx_word' id='word_1_87' title='bbox 576 1457 673 1497; x_wconf 90' lang='lat' dir='ltr'>cruce</span> <span class='ocrx_word' id='word_1_88' title='bbox 690 1433 868 1510; x_wconf 90' lang='lat' dir='ltr'>dominica,</span> <span class='ocrx_word' id='word_1_89' title='bbox 887 1432 979 1498; x_wconf 90' lang='lat' dir='ltr'>abire</span> <span class='ocrx_word' id='word_1_90' title='bbox 1000 1433 1112 1521; x_wconf 88' lang='lat' dir='ltr'>coepit</span> <span class='ocrx_word' id='word_1_91' title='bbox 1130 1456 1204 1497; x_wconf 91' lang='lat' dir='ltr'>cum</span> <span class='ocrx_word' id='word_1_92' title='bbox 1224 1430 1420 1496; x_wconf 90' lang='lat' dir='ltr'>hominibus</span> <span class='ocrx_word' id='word_1_93' title='bbox 1436 1458 1454 1497; x_wconf 86' lang='lat' dir='ltr'>u</span> 
     </span>
     <span class='ocr_line' id='line_1_12' title="bbox 159 1533 1419 1625; baseline -0.002 -25"><span class='ocrx_word' id='word_1_94' title='bbox 159 1551 214 1600; x_wconf 84' lang='lat' dir='ltr'>Col.</span> <span class='ocrx_word' id='word_1_95' title='bbox 228 1553 283 1600; x_wconf 74' lang='lat' dir='ltr'>tus.</span> <span class='ocrx_word' id='word_1_96' title='bbox 299 1536 512 1623; x_wconf 84' lang='lat' dir='ltr'>supradictis.</span> <span class='ocrx_word' id='word_1_97' title='bbox 532 1538 681 1623; x_wconf 69' lang='lat' dir='ltr'>Cumque</span> <span class='ocrx_word' id='word_1_98' title='bbox 702 1549 852 1624; x_wconf 82' lang='lat' dir='ltr'>oportue</span> <span class='ocrx_word' id='word_1_99' title='bbox 873 1536 887 1624; x_wconf 76' lang='grc' dir='ltr'>ΙΙ</span> <span class='ocrx_word' id='word_1_100' title='bbox 908 1535 1127 1625; x_wconf 86' lang='lat' dir='ltr'>elongassiut,</span> <span class='ocrx_word' id='word_1_101' title='bbox 1150 1533 1237 1598; x_wconf 92' lang='lat' dir='ltr'>sicut</span> <span class='ocrx_word' id='word_1_102' title='bbox 1260 1546 1314 1598; x_wconf 85' lang='lat' dir='ltr'>est</span> <span class='ocrx_word' id='word_1_103' title='bbox 1335 1533 1419 1599; x_wconf 86' lang='lat' dir='ltr'>circa</span> 
     </span>
     <span class='ocr_line' id='line_1_13' title="bbox 298 1636 1419 1727; baseline 0.001 -26"><span class='ocrx_word' id='word_1_104' title='bbox 298 1639 412 1701; x_wconf 91' lang='lat' dir='ltr'>urbem</span> <span class='ocrx_word' id='word_1_105' title='bbox 431 1638 525 1701; x_wconf 87' lang='lat' dir='ltr'>vallis</span> <span class='ocrx_word' id='word_1_106' title='bbox 542 1651 610 1701; x_wconf 86' lang='lat' dir='ltr'>totu</span> <span class='ocrx_word' id='word_1_107' title='bbox 630 1638 663 1702; x_wconf 92' lang='lat' dir='ltr'>in</span> <span class='ocrx_word' id='word_1_108' title='bbox 680 1637 876 1727; x_wconf 76' lang='lat' dir='ltr'>precipicio,</span> <span class='ocrx_word' id='word_1_109' title='bbox 900 1638 1061 1725; x_wconf 90' lang='lat' dir='ltr'>impulsus</span> <span class='ocrx_word' id='word_1_110' title='bbox 1080 1639 1122 1702; x_wconf 87' lang='lat' dir='ltr'>ab</span> <span class='ocrx_word' id='word_1_111' title='bbox 1136 1636 1293 1702; x_wconf 92' lang='lat' dir='ltr'>Bolonne</span> <span class='ocrx_word' id='word_1_112' title='bbox 1313 1636 1419 1702; x_wconf 89' lang='lat' dir='ltr'>coeci·</span> 
     </span>
     <span class='ocr_line' id='line_1_14' title="bbox 298 1739 1417 1828; baseline 0.001 -25"><span class='ocrx_word' id='word_1_113' title='bbox 298 1739 359 1818; x_wconf 91' lang='lat' dir='ltr'>dit,</span> <span class='ocrx_word' id='word_1_114' title='bbox 377 1740 435 1803; x_wconf 87' lang='lat' dir='ltr'>illo</span> <span class='ocrx_word' id='word_1_115' title='bbox 453 1764 585 1828; x_wconf 92' lang='lat' dir='ltr'>quoquc</span> <span class='ocrx_word' id='word_1_116' title='bbox 603 1741 764 1804; x_wconf 88' lang='lat' dir='ltr'>clamante</span> <span class='ocrx_word' id='word_1_117' title='bbox 783 1767 789 1803; x_wconf 90' lang='lat'>:</span> <span class='ocrx_word' id='word_1_118' title='bbox 810 1768 826 1802; x_wconf 73' lang='grc' dir='ltr'>(ν</span> <span class='ocrx_word' id='word_1_119' title='bbox 844 1743 892 1804; x_wconf 84' lang='lat' dir='ltr'>Eu</span> <span class='ocrx_word' id='word_1_120' title='bbox 910 1740 1003 1804; x_wconf 87' lang='lat' dir='ltr'>vobis</span> <span class='ocrx_word' id='word_1_121' title='bbox 1020 1740 1240 1805; x_wconf 90' lang='lat' dir='ltr'>Ballomcrem</span> <span class='ocrx_word' id='word_1_122' title='bbox 1257 1753 1417 1819; x_wconf 89' lang='lat' dir='ltr'>vestrum,</span> 
     </span>
     <span class='ocr_line' id='line_1_15' title="bbox 299 1841 1418 1932; baseline 0 -27"><span class='ocrx_word' id='word_1_123' title='bbox 299 1842 356 1929; x_wconf 93' lang='lat' dir='ltr'>qui</span> <span class='ocrx_word' id='word_1_124' title='bbox 379 1868 413 1907; x_wconf 90' lang='lat' dir='ltr'>se</span> <span class='ocrx_word' id='word_1_125' title='bbox 432 1843 520 1932; x_wconf 83' lang='lat' dir='ltr'>regis</span> <span class='ocrx_word' id='word_1_126' title='bbox 541 1856 573 1906; x_wconf 90' lang='lat' dir='ltr'>et</span> <span class='ocrx_word' id='word_1_127' title='bbox 596 1843 729 1906; x_wconf 76' lang='lat' dir='ltr'>fratrem</span> <span class='ocrx_word' id='word_1_128' title='bbox 752 1841 833 1907; x_wconf 91' lang='lat' dir='ltr'>dicit</span> <span class='ocrx_word' id='word_1_129' title='bbox 852 1856 885 1906; x_wconf 91' lang='lat' dir='ltr'>ct</span> <span class='ocrx_word' id='word_1_130' title='bbox 909 1842 1026 1906; x_wconf 81' lang='lat' dir='ltr'>silium.</span> <span class='ocrx_word' id='word_1_131' title='bbox 1047 1869 1064 1903; x_wconf 79' lang='lat' dir='ltr'>u</span> <span class='ocrx_word' id='word_1_132' title='bbox 1089 1844 1130 1906; x_wconf 90' lang='lat' dir='ltr'>Et</span> <span class='ocrx_word' id='word_1_133' title='bbox 1152 1842 1292 1907; x_wconf 89' lang='lat' dir='ltr'>inmissa</span> <span class='ocrx_word' id='word_1_134' title='bbox 1314 1843 1418 1907; x_wconf 83' lang='lat' dir='ltr'>lancia</span> 
     </span>
     <span class='ocr_line' id='line_1_16' title="bbox 298 1944 1451 2034; baseline -0.001 -27"><span class='ocrx_word' id='word_1_135' title='bbox 298 1944 403 2009; x_wconf 81' lang='lat' dir='ltr'>uoluit</span> <span class='ocrx_word' id='word_1_136' title='bbox 425 1970 498 2008; x_wconf 91' lang='lat' dir='ltr'>eum</span> <span class='ocrx_word' id='word_1_137' title='bbox 521 1946 731 2034; x_wconf 79' lang='lat' dir='ltr'>transfigere,</span> <span class='ocrx_word' id='word_1_138' title='bbox 758 1945 816 2009; x_wconf 85' lang='lat' dir='ltr'>sed</span> <span class='ocrx_word' id='word_1_139' title='bbox 842 1945 972 2032; x_wconf 90' lang='lat' dir='ltr'>repulsa</span> <span class='ocrx_word' id='word_1_140' title='bbox 1000 1968 1016 2007; x_wconf 90' lang='lat' dir='ltr'>a</span> <span class='ocrx_word' id='word_1_141' title='bbox 1044 1944 1178 2008; x_wconf 86' lang='lat' dir='ltr'>circulis</span> <span class='ocrx_word' id='word_1_142' title='bbox 1202 1945 1312 2010; x_wconf 92' lang='lat' dir='ltr'>lurice</span> <span class='ocrx_word' id='word_1_143' title='bbox 1338 1944 1418 2010; x_wconf 86' lang='lat' dir='ltr'>nihil</span> <span class='ocrx_word' id='word_1_144' title='bbox 1433 1969 1451 2007; x_wconf 82' lang='lat' dir='ltr'>a</span> 
     </span>
     <span class='ocr_line' id='line_1_17' title="bbox 300 2045 1416 2136; baseline 0 -26"><span class='ocrx_word' id='word_1_145' title='bbox 300 2048 425 2113; x_wconf 90' lang='lat' dir='ltr'>nocuit.</span> <span class='ocrx_word' id='word_1_146' title='bbox 446 2046 597 2136; x_wconf 86' lang='lat' dir='ltr'>Denique</span> <span class='ocrx_word' id='word_1_147' title='bbox 613 2071 686 2111; x_wconf 92' lang='lat' dir='ltr'>cum</span> <span class='ocrx_word' id='word_1_148' title='bbox 703 2047 848 2111; x_wconf 81' lang='lat' dir='ltr'>clevatus</span> <span class='ocrx_word' id='word_1_149' title='bbox 864 2049 904 2110; x_wconf 86' lang='lat' dir='ltr'>ad</span> <span class='ocrx_word' id='word_1_150' title='bbox 926 2060 1068 2110; x_wconf 90' lang='lat' dir='ltr'>montem</span> <span class='ocrx_word' id='word_1_151' title='bbox 1090 2045 1223 2136; x_wconf 78' lang='lat' dir='ltr'>regredi</span> <span class='ocrx_word' id='word_1_152' title='bbox 1239 2046 1416 2129; x_wconf 85' lang='lat' dir='ltr'>niteretur,</span> 
     </span>
     <span class='ocr_line' id='line_1_18' title="bbox 299 2148 1417 2237; baseline 0.003 -24"><span class='ocrx_word' id='word_1_153' title='bbox 299 2151 399 2227; x_wconf 88' lang='lat' dir='ltr'>Boso,</span> <span class='ocrx_word' id='word_1_154' title='bbox 421 2149 542 2213; x_wconf 91' lang='lat' dir='ltr'>emisso</span> <span class='ocrx_word' id='word_1_155' title='bbox 558 2150 680 2237; x_wconf 87' lang='lat' dir='ltr'>lapide,</span> <span class='ocrx_word' id='word_1_156' title='bbox 698 2163 797 2236; x_wconf 83' lang='lat' dir='ltr'>caput</span> <span class='ocrx_word' id='word_1_157' title='bbox 811 2151 881 2213; x_wconf 87' lang='lat' dir='ltr'>eius</span> <span class='ocrx_word' id='word_1_158' title='bbox 897 2149 1040 2213; x_wconf 90' lang='lat' dir='ltr'>libravit.</span> <span class='ocrx_word' id='word_1_159' title='bbox 1060 2149 1124 2232; x_wconf 91' lang='lat' dir='ltr'>Qui</span> <span class='ocrx_word' id='word_1_160' title='bbox 1141 2148 1270 2214; x_wconf 87' lang='lat' dir='ltr'>cedidit</span> <span class='ocrx_word' id='word_1_161' title='bbox 1286 2163 1321 2215; x_wconf 91' lang='lat' dir='ltr'>et</span> <span class='ocrx_word' id='word_1_162' title='bbox 1338 2176 1417 2216; x_wconf 87' lang='lat' dir='ltr'>mor·</span> 
     </span>
     <span class='ocr_line' id='line_1_19' title="bbox 298 2249 1415 2340; baseline 0.002 -26"><span class='ocrx_word' id='word_1_163' title='bbox 298 2253 394 2315; x_wconf 81' lang='lat' dir='ltr'>tuos³</span> <span class='ocrx_word' id='word_1_164' title='bbox 413 2265 473 2316; x_wconf 92' lang='lat' dir='ltr'>est.</span> <span class='ocrx_word' id='word_1_165' title='bbox 487 2253 652 2340; x_wconf 86' lang='lat' dir='ltr'>Venitque</span> <span class='ocrx_word' id='word_1_166' title='bbox 667 2251 818 2315; x_wconf 75' lang='lat' dir='ltr'>omneml</span> <span class='ocrx_word' id='word_1_167' title='bbox 834 2251 964 2339; x_wconf 84' lang='lat' dir='ltr'>vulgus,</span> <span class='ocrx_word' id='word_1_168' title='bbox 985 2264 1016 2315; x_wconf 92' lang='lat' dir='ltr'>et</span> <span class='ocrx_word' id='word_1_169' title='bbox 1036 2249 1154 2315; x_wconf 88' lang='lat' dir='ltr'>defixis</span> <span class='ocrx_word' id='word_1_170' title='bbox 1169 2250 1203 2314; x_wconf 92' lang='lat' dir='ltr'>in</span> <span class='ocrx_word' id='word_1_171' title='bbox 1220 2276 1261 2316; x_wconf 91' lang='lat' dir='ltr'>eo</span> <span class='ocrx_word' id='word_1_172' title='bbox 1281 2251 1415 2330; x_wconf 82' lang='lat' dir='ltr'>lanceis,</span> 
     </span>
     <span class='ocr_line' id='line_1_20' title="bbox 299 2353 1418 2443; baseline 0.004 -26"><span class='ocrx_word' id='word_1_173' title='bbox 299 2353 402 2442; x_wconf 89' lang='lat' dir='ltr'>pedes</span> <span class='ocrx_word' id='word_1_174' title='bbox 417 2353 487 2418; x_wconf 91' lang='lat' dir='ltr'>eius</span> <span class='ocrx_word' id='word_1_175' title='bbox 507 2355 581 2418; x_wconf 83' lang='lat' dir='ltr'>sune</span> <span class='ocrx_word' id='word_1_176' title='bbox 598 2354 752 2443; x_wconf 87' lang='lat' dir='ltr'>legantis,</span> <span class='ocrx_word' id='word_1_177' title='bbox 766 2379 827 2443; x_wconf 86' lang='lat' dir='ltr'>per</span> <span class='ocrx_word' id='word_1_178' title='bbox 841 2353 951 2418; x_wconf 89' lang='lat' dir='ltr'>omnia</span> <span class='ocrx_word' id='word_1_179' title='bbox 965 2354 1169 2418; x_wconf 86' lang='lat' dir='ltr'>exercituum</span> <span class='ocrx_word' id='word_1_180' title='bbox 1188 2368 1298 2421; x_wconf 89' lang='lat' dir='ltr'>castra</span> <span class='ocrx_word' id='word_1_181' title='bbox 1312 2369 1418 2421; x_wconf 84' lang='lat' dir='ltr'>traxe-</span> 
     </span>
     <span class='ocr_line' id='line_1_21' title="bbox 300 2457 1451 2547; baseline 0 -28"><span class='ocrx_word' id='word_1_182' title='bbox 300 2469 392 2537; x_wconf 91' lang='lat' dir='ltr'>runt;</span> <span class='ocrx_word' id='word_1_183' title='bbox 421 2457 667 2544; x_wconf 87' lang='lat' dir='ltr'>evellentesque</span> <span class='ocrx_word' id='word_1_184' title='bbox 690 2458 868 2521; x_wconf 88' lang='lat' dir='ltr'>caesariem</span> <span class='ocrx_word' id='word_1_185' title='bbox 888 2481 924 2521; x_wconf 86' lang='lat' dir='ltr'>uc</span> <span class='ocrx_word' id='word_1_186' title='bbox 949 2458 1084 2522; x_wconf 85' lang='lat' dir='ltr'>barbam</span> <span class='ocrx_word' id='word_1_187' title='bbox 1107 2457 1191 2537; x_wconf 93' lang='lat' dir='ltr'>cius,</span> <span class='ocrx_word' id='word_1_188' title='bbox 1213 2457 1451 2547; x_wconf 82' lang='lat' dir='ltr'>insepultnmu</span> 
     </span>
     <span class='ocr_line' id='line_1_22' title="bbox 300 2558 1418 2648; baseline 0.002 -26"><span class='ocrx_word' id='word_1_189' title='bbox 300 2559 373 2647; x_wconf 91' lang='lat' dir='ltr'>ipso</span> <span class='ocrx_word' id='word_1_190' title='bbox 403 2583 467 2646; x_wconf 92' lang='lat' dir='ltr'>quo</span> <span class='ocrx_word' id='word_1_191' title='bbox 496 2558 692 2622; x_wconf 85' lang='lat' dir='ltr'>interlectos</span> <span class='ocrx_word' id='word_1_192' title='bbox 723 2560 827 2623; x_wconf 87' lang='lat' dir='ltr'>suerat</span> <span class='ocrx_word' id='word_1_193' title='bbox 860 2560 934 2624; x_wconf 95' lang='lat' dir='ltr'>loco</span> <span class='ocrx_word' id='word_1_194' title='bbox 963 2560 1180 2648; x_wconf 88' lang='lat' dir='ltr'>reliquerunt.</span> <span class='ocrx_word' id='word_1_195' title='bbox 1206 2563 1314 2627; x_wconf 88' lang='lat' dir='ltr'>Nocte</span> <span class='ocrx_word' id='word_1_196' title='bbox 1347 2585 1418 2626; x_wconf 91' lang='lat' dir='ltr'>vero</span> 
     </span>
     <span class='ocr_line' id='line_1_23' title="bbox 301 2659 1418 2752; baseline 0.004 -28"><span class='ocrx_word' id='word_1_197' title='bbox 301 2659 454 2749; x_wconf 88' lang='lat' dir='ltr'>sequenti</span> <span class='ocrx_word' id='word_1_198' title='bbox 467 2659 526 2737; x_wconf 91' lang='lat' dir='ltr'>hii,</span> <span class='ocrx_word' id='word_1_199' title='bbox 546 2662 601 2748; x_wconf 90' lang='lat' dir='ltr'>qui</span> <span class='ocrx_word' id='word_1_200' title='bbox 619 2660 716 2749; x_wconf 86' lang='lat' dir='ltr'>primi</span> <span class='ocrx_word' id='word_1_201' title='bbox 733 2675 838 2740; x_wconf 85' lang='lat' dir='ltr'>crant,</span> <span class='ocrx_word' id='word_1_202' title='bbox 853 2687 967 2726; x_wconf 92' lang='lat' dir='ltr'>omnes</span> <span class='ocrx_word' id='word_1_203' title='bbox 983 2663 1172 2741; x_wconf 88' lang='lat' dir='ltr'>thesauros,</span> <span class='ocrx_word' id='word_1_204' title='bbox 1185 2687 1272 2752; x_wconf 89' lang='lat' dir='ltr'>quos</span> <span class='ocrx_word' id='word_1_205' title='bbox 1288 2664 1322 2728; x_wconf 93' lang='lat' dir='ltr'>in</span> <span class='ocrx_word' id='word_1_206' title='bbox 1341 2665 1418 2728; x_wconf 90' lang='lat' dir='ltr'>urbe</span> 
     </span>
     <span class='ocr_line' id='line_1_24' title="bbox 302 2764 1417 2852; baseline 0.004 -26"><span class='ocrx_word' id='word_1_207' title='bbox 302 2764 448 2852; x_wconf 86' lang='lat' dir='ltr'>reperire</span> <span class='ocrx_word' id='word_1_208' title='bbox 472 2775 668 2851; x_wconf 85' lang='lat' dir='ltr'>potueruut,</span> <span class='ocrx_word' id='word_1_209' title='bbox 695 2788 768 2827; x_wconf 90' lang='lat' dir='ltr'>cum</span> <span class='ocrx_word' id='word_1_210' title='bbox 795 2766 987 2829; x_wconf 86' lang='lat' dir='ltr'>ministeriis</span> <span class='ocrx_word' id='word_1_211' title='bbox 1015 2766 1135 2845; x_wconf 71' lang='lat' dir='ltr'>eclesie</span> <span class='ocrx_word' id='word_1_212' title='bbox 1163 2765 1247 2829; x_wconf 91' lang='lat' dir='ltr'>clam</span> <span class='ocrx_word' id='word_1_213' title='bbox 1273 2766 1417 2831; x_wconf 89' lang='lat' dir='ltr'>abstule·</span> 
     </span>
     <span class='ocr_line' id='line_1_25' title="bbox 302 2867 1417 2955; baseline 0.005 -27"><span class='ocrx_word' id='word_1_214' title='bbox 302 2878 390 2930; x_wconf 86' lang='lat' dir='ltr'>runt.</span> <span class='ocrx_word' id='word_1_215' title='bbox 409 2867 506 2929; x_wconf 87' lang='lat' dir='ltr'>Mune</span> <span class='ocrx_word' id='word_1_216' title='bbox 520 2889 610 2943; x_wconf 90' lang='lat' dir='ltr'>vcro,</span> <span class='ocrx_word' id='word_1_217' title='bbox 629 2880 792 2931; x_wconf 87' lang='lat' dir='ltr'>reseratos</span> <span class='ocrx_word' id='word_1_218' title='bbox 809 2881 977 2955; x_wconf 85' lang='lat' dir='ltr'>portarum</span> <span class='ocrx_word' id='word_1_219' title='bbox 993 2868 1106 2945; x_wconf 83' lang='lat' dir='ltr'>valvis,</span> <span class='ocrx_word' id='word_1_220' title='bbox 1123 2867 1244 2932; x_wconf 92' lang='lat' dir='ltr'>emisso</span> <span class='ocrx_word' id='word_1_221' title='bbox 1259 2870 1417 2945; x_wconf 85' lang='lat' dir='ltr'>exercitu,</span> 
     </span>
     <span class='ocr_line' id='line_1_26' title="bbox 302 2967 1453 3058; baseline 0.002 -28"><span class='ocrx_word' id='word_1_222' title='bbox 302 2991 417 3031; x_wconf 90' lang='lat' dir='ltr'>omnes</span> <span class='ocrx_word' id='word_1_223' title='bbox 431 2967 549 3058; x_wconf 87' lang='lat' dir='ltr'>vulgus</span> <span class='ocrx_word' id='word_1_224' title='bbox 565 2969 728 3032; x_wconf 91' lang='lat' dir='ltr'>inclusum</span> <span class='ocrx_word' id='word_1_225' title='bbox 741 2969 774 3033; x_wconf 91' lang='lat' dir='ltr'>in</span> <span class='ocrx_word' id='word_1_226' title='bbox 789 2995 846 3034; x_wconf 92' lang='grc' dir='ltr'>ονε</span> <span class='ocrx_word' id='word_1_227' title='bbox 860 2970 962 3058; x_wconf 80' lang='lat' dir='ltr'>gladii</span> <span class='ocrx_word' id='word_1_228' title='bbox 978 2970 1200 3049; x_wconf 88' lang='lat' dir='ltr'>tradiderunt,</span> <span class='ocrx_word' id='word_1_229' title='bbox 1215 2971 1419 3038; x_wconf 77' lang='lat' dir='ltr'>sacerdotis⁵</span> <span class='ocrx_word' id='word_1_230' title='bbox 1434 2993 1453 3032; x_wconf 77' lang='lat' dir='ltr'>a</span> 
     </span>
     <span class='ocr_line' id='line_1_27' title="bbox 304 3069 1419 3162; baseline 0.004 -29"><span class='ocrx_word' id='word_1_231' title='bbox 304 3094 436 3158; x_wconf 90' lang='lat' dir='ltr'>quoque</span> <span class='ocrx_word' id='word_1_232' title='bbox 452 3069 585 3135; x_wconf 85' lang='lat' dir='ltr'>Domini</span> <span class='ocrx_word' id='word_1_233' title='bbox 603 3096 675 3136; x_wconf 91' lang='lat' dir='ltr'>cum</span> <span class='ocrx_word' id='word_1_234' title='bbox 696 3071 856 3137; x_wconf 90' lang='lat' dir='ltr'>ministris</span> <span class='ocrx_word' id='word_1_235' title='bbox 871 3074 911 3136; x_wconf 88' lang='lat' dir='ltr'>ad</span> <span class='ocrx_word' id='word_1_236' title='bbox 926 3072 996 3162; x_wconf 88' lang='lat' dir='ltr'>ipsa</span> <span class='ocrx_word' id='word_1_237' title='bbox 1011 3073 1205 3152; x_wconf 75' lang='lat' dir='ltr'>eclesiarum</span> <span class='ocrx_word' id='word_1_238' title='bbox 1223 3072 1342 3138; x_wconf 86' lang='lat' dir='ltr'>altaria</span> <span class='ocrx_word' id='word_1_239' title='bbox 1359 3087 1419 3138; x_wconf 90' lang='lat' dir='ltr'>tru-</span> 
     </span>
     <span class='ocr_line' id='line_1_28' title="bbox 167 3171 1419 3266; baseline -0.002 -25"><span class='ocrx_word' id='word_1_240' title='bbox 167 3192 288 3242; x_wconf 79' lang='lat' dir='ltr'>Fol.213.</span> <span class='ocrx_word' id='word_1_241' title='bbox 304 3171 466 3237; x_wconf 88' lang='lat' dir='ltr'>cidantes.</span> <span class='ocrx_word' id='word_1_242' title='bbox 489 3176 667 3262; x_wconf 81' lang='lat' dir='ltr'>Postquam</span> <span class='ocrx_word' id='word_1_243' title='bbox 688 3188 797 3238; x_wconf 89' lang='lat' dir='ltr'>autem</span> <span class='ocrx_word' id='word_1_244' title='bbox 818 3189 957 3239; x_wconf 89' lang='lat' dir='ltr'>cunctus</span> <span class='ocrx_word' id='word_1_245' title='bbox 979 3176 1226 3254; x_wconf 82' lang='lat' dir='ltr'>interfecerent,</span> <span class='ocrx_word' id='word_1_246' title='bbox 1255 3175 1270 3266; x_wconf 79' lang='grc' dir='ltr'>Η</span> <span class='ocrx_word' id='word_1_247' title='bbox 1301 3190 1419 3241; x_wconf 91' lang='lat' dir='ltr'>utnon</span> 
     </span>
     <span class='ocr_line' id='line_1_29' title="bbox 306 3277 1420 3366; baseline 0.005 -28"><span class='ocrx_word' id='word_1_248' title='bbox 306 3289 491 3340; x_wconf 88' lang='lat' dir='ltr'>remaneret</span> <span class='ocrx_word' id='word_1_249' title='bbox 526 3280 705 3366; x_wconf 79' lang='lat' dir='ltr'>mengens6</span> <span class='ocrx_word' id='word_1_250' title='bbox 740 3277 780 3341; x_wconf 87' lang='lat' dir='ltr'>ad</span> <span class='ocrx_word' id='word_1_251' title='bbox 816 3277 994 3366; x_wconf 88' lang='lat' dir='ltr'>parietem,</span> <span class='ocrx_word' id='word_1_252' title='bbox 1025 3302 1156 3342; x_wconf 91' lang='lat' dir='ltr'>omnem</span> <span class='ocrx_word' id='word_1_253' title='bbox 1193 3279 1312 3343; x_wconf 87' lang='lat' dir='ltr'>urbem</span> <span class='ocrx_word' id='word_1_254' title='bbox 1350 3302 1420 3344; x_wconf 88' lang='lat' dir='ltr'>eum</span> 
     </span>
     <span class='ocr_line' id='line_1_30' title="bbox 306 3377 1421 3469; baseline 0.004 -28"><span class='ocrx_word' id='word_1_255' title='bbox 306 3377 436 3456; x_wconf 74' lang='lat' dir='ltr'>eclesiis</span> <span class='ocrx_word' id='word_1_256' title='bbox 475 3379 679 3467; x_wconf 88' lang='lat' dir='ltr'>reliquisque</span> <span class='ocrx_word' id='word_1_257' title='bbox 716 3379 856 3459; x_wconf 59' lang='lat' dir='ltr'>edificiis</span> <span class='ocrx_word' id='word_1_258' title='bbox 888 3380 1149 3458; x_wconf 85' lang='lat' dir='ltr'>succenderunt,</span> <span class='ocrx_word' id='word_1_259' title='bbox 1187 3380 1342 3469; x_wconf 91' lang='lat' dir='ltr'>nihilque</span> <span class='ocrx_word' id='word_1_260' title='bbox 1376 3381 1421 3446; x_wconf 90' lang='lat' dir='ltr'>ibi</span> 
     </span>
     <span class='ocr_line' id='line_1_31' title="bbox 305 3481 1457 3570; baseline 0.002 -28"><span class='ocrx_word' id='word_1_261' title='bbox 305 3493 418 3567; x_wconf 80' lang='lat' dir='ltr'>preter</span> <span class='ocrx_word' id='word_1_262' title='bbox 436 3505 546 3545; x_wconf 93' lang='lat' dir='ltr'>umum</span> <span class='ocrx_word' id='word_1_263' title='bbox 568 3505 701 3546; x_wconf 89' lang='lat' dir='ltr'>vacuam</span> <span class='ocrx_word' id='word_1_264' title='bbox 723 3481 962 3570; x_wconf 84' lang='lat' dir='ltr'>relinquentes.</span> <span class='ocrx_word' id='word_1_265' title='bbox 1437 3506 1457 3545; x_wconf 86' lang='lat' dir='ltr'>u</span> 
     </span>
    </p>
   </div>
   <div class='ocr_carea' id='block_1_3' title="bbox 306 3690 1424 3985">
    <p class='ocr_par' dir='ltr' id='par_1_3' title="bbox 306 3690 1424 3985">
     <span class='ocr_line' id='line_1_32' title="bbox 350 3690 1422 3780; baseline 0.002 -25"><span class='ocrx_word' id='word_1_266' title='bbox 350 3693 545 3757; x_wconf 87' lang='lat' dir='ltr'>XXXVllll.</span> <span class='ocrx_word' id='word_1_267' title='bbox 577 3691 684 3780; x_wconf 81' lang='lat' dir='ltr'>Igitur</span> <span class='ocrx_word' id='word_1_268' title='bbox 705 3690 960 3779; x_wconf 86' lang='lat' dir='ltr'>Leudeghisilus</span> <span class='ocrx_word' id='word_1_269' title='bbox 990 3691 1123 3755; x_wconf 90' lang='lat' dir='ltr'>rediens</span> <span class='ocrx_word' id='word_1_270' title='bbox 1148 3690 1189 3755; x_wconf 91' lang='lat' dir='ltr'>ad</span> <span class='ocrx_word' id='word_1_271' title='bbox 1214 3705 1323 3757; x_wconf 91' lang='lat' dir='ltr'>castra</span> <span class='ocrx_word' id='word_1_272' title='bbox 1352 3718 1422 3759; x_wconf 90' lang='lat' dir='ltr'>cum</span> 
     </span>
     <span class='ocr_line' id='line_1_33' title="bbox 306 3793 1424 3883; baseline -0.001 -21"><span class='ocrx_word' id='word_1_273' title='bbox 306 3795 487 3862; x_wconf 90' lang='lat' dir='ltr'>Mummolo</span> <span class='ocrx_word' id='word_1_274' title='bbox 512 3807 545 3858; x_wconf 91' lang='lat' dir='ltr'>et</span> <span class='ocrx_word' id='word_1_275' title='bbox 571 3793 763 3883; x_wconf 83' lang='lat' dir='ltr'>Sagittario,</span> <span class='ocrx_word' id='word_1_276' title='bbox 789 3794 958 3858; x_wconf 86' lang='lat' dir='ltr'>Chariulso</span> <span class='ocrx_word' id='word_1_277' title='bbox 983 3795 1032 3858; x_wconf 79' lang='lat' dir='ltr'>uel</span> <span class='ocrx_word' id='word_1_278' title='bbox 1055 3794 1243 3872; x_wconf 89' lang='lat' dir='ltr'>Waddone,</span> <span class='ocrx_word' id='word_1_279' title='bbox 1260 3796 1424 3861; x_wconf 74' lang='grc' dir='ltr'>ννινννείινε7</span> 
     </span>
     <span class='ocr_line' id='line_1_34' title="bbox 307 3895 1424 3985; baseline 0.003 -24"><span class='ocrx_word' id='word_1_280' title='bbox 307 3897 435 3961; x_wconf 90' lang='lat' dir='ltr'>occulte</span> <span class='ocrx_word' id='word_1_281' title='bbox 457 3897 498 3960; x_wconf 88' lang='lat' dir='ltr'>ad</span> <span class='ocrx_word' id='word_1_282' title='bbox 524 3920 635 3985; x_wconf 86' lang='lat' dir='ltr'>regem</span> <span class='ocrx_word' id='word_1_283' title='bbox 661 3895 817 3985; x_wconf 62' lang='lat' dir='ltr'>diregitss,</span> <span class='ocrx_word' id='word_1_284' title='bbox 840 3897 919 3984; x_wconf 91' lang='lat' dir='ltr'>quid</span> <span class='ocrx_word' id='word_1_285' title='bbox 942 3897 982 3961; x_wconf 88' lang='lat' dir='ltr'>de</span> <span class='ocrx_word' id='word_1_286' title='bbox 1009 3898 1061 3961; x_wconf 84' lang='lat' dir='ltr'>his</span> <span class='ocrx_word' id='word_1_287' title='bbox 1082 3897 1153 3960; x_wconf 85' lang='lat' dir='ltr'>fieri</span> <span class='ocrx_word' id='word_1_288' title='bbox 1173 3896 1286 3961; x_wconf 88' lang='lat' dir='ltr'>vellet.</span> <span class='ocrx_word' id='word_1_289' title='bbox 1307 3899 1353 3963; x_wconf 91' lang='lat' dir='ltr'>At</span> <span class='ocrx_word' id='word_1_290' title='bbox 1371 3899 1424 3964; x_wconf 87' lang='lat' dir='ltr'>illc</span> 
     </span>
    </p>
   </div>
   <div class='ocr_carea' id='block_1_4' title="bbox 307 4130 1426 4319">
    <p class='ocr_par' dir='ltr' id='par_1_4' title="bbox 307 4130 1426 4319">
     <span class='ocr_line' id='line_1_35' title="bbox 338 4130 1426 4182; baseline 0.005 -4"><span class='ocrx_word' id='word_1_291' title='bbox 338 4133 360 4180; x_wconf 88' lang='lat' dir='ltr'>l.</span> <span class='ocrx_word' id='word_1_292' title='bbox 381 4133 450 4178; x_wconf 86' lang='lat' dir='ltr'>Corr.</span> <span class='ocrx_word' id='word_1_293' title='bbox 465 4130 558 4176; x_wconf 89' lang='lat' dir='ltr'>omnis.</span> <span class='ocrx_word' id='word_1_294' title='bbox 571 4158 602 4165; x_wconf 94' lang='lat'>-</span> <span class='ocrx_word' id='word_1_295' title='bbox 615 4131 637 4176; x_wconf 77' lang='grc'>2.</span> <span class='ocrx_word' id='word_1_296' title='bbox 654 4133 724 4176; x_wconf 80' lang='lat' dir='ltr'>Corr.</span> <span class='ocrx_word' id='word_1_297' title='bbox 737 4132 814 4177; x_wconf 91' lang='lat' dir='ltr'>ultor.</span> <span class='ocrx_word' id='word_1_298' title='bbox 826 4159 856 4166; x_wconf 89' lang='lat'>—</span> <span class='ocrx_word' id='word_1_299' title='bbox 867 4133 888 4178; x_wconf 88' lang='lat'>3.</span> <span class='ocrx_word' id='word_1_300' title='bbox 902 4133 972 4179; x_wconf 87' lang='lat' dir='ltr'>Corr.</span> <span class='ocrx_word' id='word_1_301' title='bbox 989 4138 1114 4179; x_wconf 91' lang='lat' dir='ltr'>mortuus.</span> <span class='ocrx_word' id='word_1_302' title='bbox 1127 4160 1158 4167; x_wconf 93' lang='lat'>—</span> <span class='ocrx_word' id='word_1_303' title='bbox 1168 4133 1191 4178; x_wconf 72' lang='lat' dir='ltr'>lt.</span> <span class='ocrx_word' id='word_1_304' title='bbox 1205 4134 1276 4179; x_wconf 85' lang='lat' dir='ltr'>Corr.</span> <span class='ocrx_word' id='word_1_305' title='bbox 1288 4135 1384 4182; x_wconf 88' lang='lat' dir='ltr'>omnis.</span> <span class='ocrx_word' id='word_1_306' title='bbox 1396 4160 1426 4171; x_wconf 95' lang='lat'>-</span> 
     </span>
     <span class='ocr_line' id='line_1_36' title="bbox 307 4192 1424 4301; baseline 0.004 -60"><span class='ocrx_word' id='word_1_307' title='bbox 307 4198 332 4301; x_wconf 54' lang='lat'>(513</span> <span class='ocrx_word' id='word_1_308' title='bbox 351 4196 423 4268; x_wconf 60' lang='grc' dir='ltr'>βενν.</span> <span class='ocrx_word' id='word_1_309' title='bbox 446 4192 603 4240; x_wconf 77' lang='lat' dir='ltr'>sacerdotes.</span> <span class='ocrx_word' id='word_1_310' title='bbox 622 4219 650 4228; x_wconf 89' lang='lat'><em>-</em></span> <span class='ocrx_word' id='word_1_311' title='bbox 665 4195 689 4239; x_wconf 87' lang='grc'>6.</span> <span class='ocrx_word' id='word_1_312' title='bbox 710 4195 781 4240; x_wconf 83' lang='lat' dir='ltr'>Corr.</span> <span class='ocrx_word' id='word_1_313' title='bbox 805 4194 933 4256; x_wconf 85' lang='lat' dir='ltr'>mingens.</span> <span class='ocrx_word' id='word_1_314' title='bbox 949 4223 978 4230; x_wconf 98' lang='lat'>—</span> <span class='ocrx_word' id='word_1_315' title='bbox 994 4196 1016 4241; x_wconf 90' lang='lat'>7.</span> <span class='ocrx_word' id='word_1_316' title='bbox 1038 4197 1109 4242; x_wconf 77' lang='lat' dir='ltr'>Corr.</span> <span class='ocrx_word' id='word_1_317' title='bbox 1128 4194 1246 4242; x_wconf 76' lang='lat' dir='ltr'>nuncios,</span> <span class='ocrx_word' id='word_1_318' title='bbox 1264 4221 1296 4232; x_wconf 87' lang='lat'><em>-</em></span> <span class='ocrx_word' id='word_1_319' title='bbox 1310 4198 1335 4246; x_wconf 79' lang='lat'>8.</span> <span class='ocrx_word' id='word_1_320' title='bbox 1355 4199 1424 4245; x_wconf 84' lang='lat' dir='ltr'>Corr.</span> 
     </span>
     <span class='ocr_line' id='line_1_37' title="bbox 325 4262 406 4319; baseline 0 -17"><span class='ocrx_word' id='word_1_321' title='bbox 325 4262 406 4319; x_wconf 77' lang='lat' dir='ltr'>mugit.</span> 
     </span>
    </p>
   </div>
   <div class='ocr_carea' id='block_1_5' title="bbox 0 0 1497 5010">
    <p class='ocr_par' dir='ltr' id='par_1_5' title="bbox 0 0 1497 5010">
     <span class='ocr_line' id='line_1_38' title="bbox 0 0 1497 5010; baseline 0 0"><span class='ocrx_word' id='word_1_322' title='bbox 0 0 1497 5010; x_wconf 95' lang='lat' dir='ltr'> </span> 
     </span>
    </p>
   </div>
  </div>
 </body>
</html>
