2954 5010
94 1063 150 1112 Col.
167 1064 220 1114 531.

98 2833 154 2883 Col.
170 2833 224 2880 532.

518 387 675 436 GREGORII
694 388 902 436 TURONENSIS
920 388 1070 436 EPlSCOPI

677 591 726 642 oe
755 588 910 663 ligatas.

276 776 386 829 Natalc
402 774 522 829 Domini
538 774 567 827 in
585 775 722 827 ecclesia.

276 866 448 942 Epiphania
464 867 493 920 in
509 866 645 921 ecclesia.

275 962 386 1014 Natalc
403 961 499 1014 sancti
517 959 658 1014 lobannis
672 959 715 1014 acl
730 957 886 1014 basilicam
901 959 1002 1014 domni
1016 960 1151 1015 Martini.

277 1055 386 1108 Natalc
400 1052 498 1106 sancti
511 1055 594 1107 Petri
607 1054 797 1127 episcopatus
812 1053 854 1107 ad
867 1048 879 1126 ΙΙ
894 1054 988 1127 ipsias
1004 1051 1171 1108 basilicam.

276 1148 364 1201 Scato
379 1145 526 1200 kalendas
541 1146 648 1220 aprilis
666 1146 841 1201 resurrectio
859 1147 980 1201 Domini
993 1146 1086 1200 nostri
1102 1149 1169 1202 Iesu
1188 1146 1284 1202 Christi
1293 1144 1325 1198 ad

237 1238 393 1294 basilicam
411 1239 511 1293 domni
526 1240 662 1294 Martini.

276 1334 395 1388 Pascba
413 1333 441 1386 in
457 1334 595 1388 ccclesia.

280 1427 333 1481 Dic
344 1426 534 1481 ascensionis
549 1427 577 1480 in
594 1425 721 1481 basilica
736 1425 837 1480 donini
851 1425 986 1480 Martini.

277 1521 333 1573 Die
350 1520 637 1595 quinquagesimam
656 1519 792 1574 ccclesia.

276 1613 383 1667 Passio
400 1614 497 1666 sancti
511 1612 652 1667 lobannis
667 1612 709 1666 acl
725 1611 880 1667 basilicam
896 1614 925 1667 in
944 1611 1127 1688 baptisterio.

276 1708 386 1760 Natale
402 1719 570 1760 sanctornm
589 1708 788 1780 apostoloram
808 1706 892 1761 Pctri
907 1719 935 1760 et
951 1708 1043 1761 Panli
1060 1707 1103 1761 acl
1122 1707 1245 1782 ipsoram
1264 1703 1326 1758 basi·

237 1800 337 1854 licam.

277 1894 388 1947 Natale
401 1893 499 1946 sancti
511 1893 638 1946 Martini
652 1892 695 1946 acl
708 1893 771 1946 citis
787 1890 953 1949 basilicam.

277 1987 387 2040 Natalc
401 1986 498 2040 sancti
512 1985 715 2060 Simpboriaai
731 1985 774 2039 ad
788 1984 944 2040 basilicam
961 1986 1061 2040 domni
1078 1988 1210 2042 Martini.

277 2082 386 2133 Natale
400 2081 497 2133 sancti
512 2079 616 2134 Litorii
632 2079 674 2132 ad
687 2079 750 2133 eins
767 2076 933 2133 basilicam.

277 2174 349 2226 Item
365 2173 467 2227 natale
482 2173 579 2226 sancti
594 2173 720 2226 Martini
734 2172 776 2226 ad
793 2172 856 2226 eins
872 2170 1039 2227 basilicam.

277 2267 387 2319 Natale
402 2266 499 2319 sancti
512 2265 607 2319 Bricii
621 2264 663 2318 acl
678 2265 778 2319 domni
792 2265 918 2319 Martini
933 2263 1100 2322 basilicam.

278 2359 389 2411 Natalc
405 2358 502 2410 sancti
516 2357 632 2411 Hilarii
646 2355 689 2410 acl
703 2357 803 2411 domni
817 2357 943 2412 Martini
958 2355 1125 2413 basilicam.

279 2541 337 2599 Hic
350 2540 520 2599 aedificavit
532 2541 689 2599 basilicam
707 2541 804 2599 sancti
818 2541 914 2611 Petri,
930 2542 960 2599 in
973 2562 1033 2620 qua
1049 2562 1197 2600 cameram
1209 2539 1330 2599 basilicae
1344 2551 1361 2590 n

239 2634 355 2712 prioris
370 2634 485 2712 posuit,
506 2654 582 2712 quae
600 2655 698 2713 usque
716 2635 833 2693 nostris
849 2635 1041 2712 temporibus
1058 2648 1243 2714 perseverat.
1259 2629 1331 2691 Basi-

239 2727 328 2785 licam
349 2747 470 2806 quoque
494 2728 590 2785 sancti
614 2728 759 2786 Laurenti
782 2742 884 2787 monte
907 2729 1060 2786 Laudiaco
1084 2729 1152 2808 ipse
1173 2723 1330 2787 construxit.

241 2821 340 2878 Huius
358 2833 495 2899 tempore
511 2821 684 2879 aedificatae
700 2834 771 2879 sunt
782 2820 794 2899 ll
810 2821 958 2879 ecclesiae
974 2821 1005 2878 in
1024 2821 1113 2891 viciS,
1134 2822 1164 2880 id
1180 2834 1226 2880 est
1243 2819 1330 2884 Evina,

241 2915 437 2983 Mediconno,
458 2913 586 2983 Barrao,
605 2913 794 2983 Balatedine,
814 2913 946 2971 Vernae.
966 2914 1174 2993 Condiditque
1191 2927 1331 2973 testamen·

241 3020 303 3064 tum
324 3019 352 3064 et
370 3006 528 3084 deputavit
548 3027 603 3083 per
622 3007 761 3085 singulas
779 3007 917 3064 civitates
938 3008 1020 3085 quod
1038 3009 1236 3086 possedebat,
1256 3007 1283 3063 in
1299 3003 1331 3060 eis
1345 3012 1362 3051 tt

241 3100 319 3178 ipsis
335 3099 454 3157 scilicet
469 3099 620 3168 ecclesiis,
638 3120 699 3156 non
715 3099 865 3157 modicam
882 3112 911 3157 et
926 3100 1098 3158 Turonicae
1114 3101 1250 3159 tribuens
1262 3094 1331 3156 sacul-

241 3205 341 3251 tatem.
369 3192 456 3250 Sedit
480 3204 578 3249 autem
603 3212 700 3249 annos
724 3192 862 3271 triginta,
889 3205 919 3250 et
942 3193 1083 3270 sepultus
1108 3207 1156 3251 est
1179 3194 1209 3250 in
1229 3189 1332 3250 basilica

242 3286 338 3344 sancti
357 3285 493 3343 Martini.

283 3378 438 3456 Septimus
464 3398 539 3437 vero
565 3378 751 3437 Volusianus
778 3379 939 3437 ordinatur
966 3378 1149 3458 episcopus,
1181 3401 1217 3439 ex
1242 3391 1331 3458 genere

243 3472 408 3541 senatoria,
423 3472 472 3528 vir
485 3484 609 3529 sanctus
623 3484 652 3529 et
663 3472 751 3530 valde
764 3472 863 3541 diveS,
878 3472 1074 3550 propinquus
1089 3485 1119 3531 et
1131 3474 1199 3552 ipse
1211 3462 1331 3550 Perpetui
1346 3474 1363 3513 ³⁰

242 3565 382 3644 episcopi
396 3565 571 3622 decessoris
585 3565 643 3622 sui.
660 3564 759 3623 Huius
773 3578 911 3644 tempore
925 3566 982 3622 iam
1000 3565 1235 3625 Chlodovechus
1247 3577 1331 3641 regna·

243 3660 294 3716 bat
313 3658 344 3715 in
359 3657 513 3735 aliquibus
527 3658 655 3716 urbibus
674 3658 705 3715 in
724 3658 844 3716 Galliis.
864 3658 902 3715 Et
919 3660 958 3715 ob
977 3657 1054 3716 haine
1071 3679 1194 3717 causam
1212 3659 1257 3716 hic
1274 3671 1332 3734 pon·

243 3752 316 3810 tifex
335 3763 498 3828 suspectus
516 3750 637 3809 habitus
655 3772 672 3808 a
690 3750 811 3821 Gothis,
832 3752 915 3829 quod
933 3771 966 3808 se
985 3751 1174 3811 Francorum
1189 3747 1331 3810 ditionibus

244 3845 376 3903 subdere
396 3843 498 3914 vellet,
521 3845 601 3922 apud
624 3846 730 3902 urbem
751 3844 916 3902 Tholosam
939 3843 1031 3902 exilio
1052 3847 1291 3924 condempnatus,
1307 3835 1330 3892 in

244 3958 279 3994 eo
301 3937 387 3994 obiit.
413 3935 511 3995 Huius
533 3950 670 4015 ternpore
694 3938 781 3996 vicus
803 3937 1027 3996 Mantolomaus
1050 3939 1222 3997 aedificatus
1243 3946 1290 4002 est,
1309 3935 1330 3983 et
1343 3937 1361 3977 ³⁵

242 4030 371 4088 basilica
391 4030 487 4087 sancti
507 4030 652 4088 Iohannis
674 4033 710 4088 ad
732 4031 879 4088 Maiorem
900 4032 1129 4090 monasterium.
1152 4031 1234 4090 Sedit
1253 4037 1329 4086 autem

244 4143 340 4181 annos
359 4136 487 4202 septem,
507 4144 630 4181 menses
649 4126 737 4183 duos.

285 4218 419 4276 Octavus
441 4217 540 4277 Verus
563 4218 723 4276 ordinatur
746 4219 923 4296 episcopus.
946 4218 985 4276 Et
1007 4218 1074 4295 ipse
1097 4237 1153 4296 pro
1175 4219 1328 4274 memoratae
