2954 5010
305 410 337 453 uo
585 403 744 453 nuruum!
762 402 972 452 rt'nnxexsts
989 402 1141 451 EPISCOPl

308 524 387 587 bere
405 522 513 610 potui,
537 546 634 609 quam
654 521 806 586 ordinem
831 520 1071 609 seripturarum
1088 518 1282 586 litterarum
1298 518 1422 584 scirem.
1468 554 1471 593 ς

309 623 439 689 Deinde
469 623 586 689 aridio
615 624 725 689 abbati
752 622 950 687 coniunctus
976 622 1017 686 ab
1040 644 1150 711 eoque
1174 621 1314 701 ductus,
1344 622 1426 689 beati
1469 626 1471 651 ⁵

309 726 443 793 Martini
457 727 628 791 basilicam
644 725 724 790 adii.
746 728 997 813 llerertensque
1010 748 1085 788 cum
1101 748 1157 803 eo,
1176 723 1237 789 ille
1254 748 1427 814 parumper

309 829 454 918 pulveris
468 828 556 893 beati
574 827 744 916 sepulchri
761 852 822 916 pro
841 825 1083 892 benediccione
1098 825 1264 891 sustullit.
1284 826 1382 908 Quod
1399 826 1427 891 iu
1468 814 1471 887 Ξ

310 930 478 1020 capsulam
491 932 634 1019 positum
647 930 687 995 ad
700 930 820 995 collum
838 930 852 1019 Η
870 953 977 994 meum
986 927 1162 1017 dependit.
1175 929 1428 1018 Derectiqucad
1449 960 1471 1003 r

312 1034 547 1097 monasterium
567 1034 638 1097 cius
659 1030 862 1096 Limoricino
885 1031 918 1095 in
938 1031 1094 1109 termino,
1118 1042 1259 1118 accepta
1285 1029 1427 1119 capsula,
1469 1044 1471 1087 ἵ

312 1148 346 1200 ut
370 1160 441 1200 eam
466 1137 498 1199 in
521 1135 670 1200 oraturio
689 1160 749 1199 suo
772 1135 909 1210 locaret,
936 1133 969 1197 in
987 1144 1115 1197 tantum
1140 1131 1254 1222 pulvis
1274 1132 1428 1211 adcrevit,

311 1251 347 1302 ut
362 1263 427 1302 non
445 1237 552 1302 solum
569 1250 671 1302 totam
684 1261 816 1325 capsam
831 1234 1121 1324 repleret,rirum¹
1137 1235 1240 1299 etiam
1252 1234 1338 1299 loris
1353 1236 1430 1300 iuter
1469 1222 1471 1227 ⁵

311 1339 472 1417 iunturas‚
492 1340 549 1405 ubi
566 1339 692 1403 aditum
709 1339 881 1427 repperire
894 1339 1014 1426 potuit,
1037 1336 1185 1401 sentiret.
1204 1338 1258 1401 Ex
1274 1337 1342 1402 hoc
1358 1336 1429 1402 mihi

312 1442 462 1507 miraculi
483 1442 608 1507 lumine
628 1442 757 1506 animus
779 1442 883 1529 magis
907 1438 1061 1505 accendit
1081 1451 1186 1504 totam
1211 1462 1310 1528 spem
1335 1464 1460 1509 meamu

313 1548 345 1610 in
362 1547 433 1609 eius
448 1545 568 1610 virtute
588 1545 761 1634 defigeret.
783 1543 912 1608 Deinde
928 1542 1134 1607 territurium
1148 1543 1333 1624 Treveriee
1349 1544 1432 1608 urbis

313 1650 454 1736 expetii,
479 1662 511 1712 et
543 1650 575 1712 in
606 1672 671 1736 quo
702 1671 789 1711 nune
819 1647 899 1711 estis
927 1658 1054 1723 monte,
1085 1643 1320 1711 habitaculum
1353 1646 1432 1737 quod

169 1767 224 1815 rol.
242 1766 298 1815 230.
313 1748 450 1814 cernitis
487 1750 623 1838 proprio
656 1750 770 1814 labore
804 1751 985 1814 construxi.
1019 1748 1166 1836 Repperi
1199 1760 1316 1813 tamen
1346 1749 1360 1840 Η
1386 1748 1432 1813 hic

314 1852 419 1931 Dione
435 1851 660 1929 simulacrum,
678 1851 768 1940 quod
784 1851 929 1941 populus
944 1850 1000 1915 hic
1015 1849 1210 1915 incredulus
1225 1851 1329 1939 quasi
1344 1851 1433 1916 deum

313 1953 484 2017 adorabat.
508 1953 701 2018 Columnam
728 1954 827 2017 etiam
850 1954 962 2031 statui,
984 1952 1018 2017 in
1040 1977 1104 2041 qua
1123 1976 1198 2016 cum
1218 1952 1347 2042 grandi
1367 1976 1461 2020 cru-c

313 2054 400 2119 ciatn
417 2053 488 2119 siue
506 2056 573 2120 ullo
589 2056 710 2145 pedum
728 2057 916 2145 perstabam
934 2055 1092 2144 tegmine.
1109 2058 1226 2143 ltaque
1244 2079 1323 2120 cum
1335 2056 1432 2120 hiems

312 2171 443 2246 tempus
462 2158 558 2223 solite
574 2158 776 2235 advenisset,
795 2161 838 2222 ita
859 2158 969 2247 rigore
985 2157 1096 2247 glacili
1112 2157 1244 2236 urebat,
1256 2169 1295 2221 ut
1311 2181 1432 2248 ungues

314 2260 435 2349 pedum
463 2260 636 2349 [m]eorum
658 2260 771 2350 sepius
792 2260 840 2324 ris
862 2260 982 2349 rigoris
1002 2271 1185 2339 excuteret,
1205 2271 1241 2323 et
1265 2257 1302 2324 in
1328 2257 1432 2325 barbis

314 2364 395 2427 meis
429 2388 513 2452 aqua
546 2363 645 2452 gelo¹2
678 2388 802 2428 conexa
844 2362 1056 2427 candelarum
1091 2385 1182 2426 more
1213 2360 1430 2450 dependeret.
1469 2350 1471 2409 3

313 2468 468 2554 Magnam
485 2467 573 2530 enim
590 2464 732 2530 hiemem
749 2467 839 2554 regio
857 2465 912 2528 illa
928 2488 1069 2552 persepe
1085 2463 1209 2527 dicitur
1224 2464 1406 2529 sustenire.
1417 2490 1430 2525 r
1443 2478 1471 2532 a'

315 2567 381 2632 Sed
409 2593 482 2632 enm
513 2593 574 2633 nos
598 2567 752 2632 solicite3
779 2569 1074 2655 interrogaremus,
1105 2589 1170 2653 que
1194 2566 1225 2629 ei
1253 2567 1364 2654 cybus
1387 2577 1433 2631 aut

314 2682 412 2758 potus
429 2683 529 2753 esset,
547 2670 596 2735 vel
614 2671 756 2758 qualiter
770 2669 945 2733 sirnnlacra
963 2668 1085 2732 montis
1101 2667 1191 2732 illius
1203 2668 1429 2746 subvertisset,

315 2773 360 2835 ait
383 2798 389 2835 :
414 2798 430 2833 n
451 2775 552 2837 Potus
571 2773 741 2859 cybnsque
764 2796 856 2837 meus
877 2784 948 2835 erat
969 2795 1148 2859 parumper
1166 2769 1266 2858 panis
1285 2784 1320 2836 et
1343 2768 1431 2835 oleris

316 2897 352 2938 ae
373 2873 539 2937 modicum
562 2898 658 2963 aque.
683 2875 803 2937 Verum
826 2873 880 2937 ubi
906 2873 947 2937 ad
974 2897 1025 2936 me
1050 2871 1228 2937 multitudo
1255 2871 1431 2938 vicinarum

314 2976 465 3039 villarum
494 2976 661 3040 confluere
689 2975 813 3063 coepit,
844 2975 1058 3063 predicebam
1088 2974 1223 3063 iugiter,
1253 2974 1344 3039 nihil
1369 2999 1457 3043 esses

316 3076 466 3156 Dianam,
485 3077 569 3141 nihil
586 3078 760 3142 simulacra
780 3075 932 3164 nihilque
949 3101 1013 3164 que
1029 3077 1077 3140 eis
1094 3075 1269 3140 videbatur
1284 3099 1429 3143 exercere

316 3179 444 3243 cultura
458 3207 465 3259 ;
486 3179 623 3269 indigne
639 3181 701 3243 iam
717 3203 790 3242 esse
807 3177 968 3266 ipsa,un
987 3179 1075 3243 inter
1091 3178 1209 3266 poeula
1222 3178 1429 3269 luxuriasque

315 3280 460 3370 prolluas
484 3282 611 3345 cantica
633 3281 869 3370 pr·olerebant;
897 3281 956 3344 scd
977 3280 1088 3370 potius
1110 3282 1181 3344 Deo
1199 3280 1427 3371 omnipotenti,

316 3384 373 3472 qui
395 3383 499 3447 celum
532 3384 609 3448 lecit
638 3407 676 3447 ac
706 3396 839 3462 terram,
864 3382 1003 3472 dignum
1030 3384 1073 3447 sit
1101 3380 1302 3448 sacrificium
1333 3384 1429 3451 laudis

315 3485 511 3573 inpendere.
534 3487 675 3551 Orabam
696 3487 795 3550 ctiam
817 3485 946 3573 sepius,
976 3498 1010 3549 nt
1035 3484 1246 3549 simulacrum
1272 3489 1457 3555 Dominusa

316 3588 461 3651 dirutum
484 3586 679 3678 dignaretur
696 3588 856 3676 populum
875 3587 968 3651 illum
985 3587 1025 3650 ab
1043 3586 1106 3651 hoc
1124 3611 1239 3652 errore
1255 3588 1429 3656 discutere.

316 3686 423 3751 Flexit
439 3687 575 3751 Domini
589 3686 816 3751 misericordia
834 3700 977 3750 mentem
992 3684 1161 3764 rusticam,
1179 3684 1193 3776 Η
1210 3700 1246 3751 ut
1263 3688 1432 3755 inclinaret

316 3813 426 3853 aurem
452 3813 542 3853 suam
564 3789 596 3853 in
618 3790 717 3853 verba
738 3789 805 3853 oris
829 3790 909 3867 mei,
937 3801 972 3852 ut
994 3787 1140 3866 scilicet,
1171 3787 1302 3854 relictis
1322 3791 1431 3869 idolis,

317 3891 495 3956 Dominum
518 3905 725 3980 sequeretur.
749 3895 842 3956 Tunc
871 3890 1060 3956 convocatis
1080 3891 1282 3979 quibusdam
1312 3918 1354 3959 ex
1379 3895 1431 3973 eis,
1469 3950 1471 3959 .

317 3993 528 4058 simulacrum
542 3993 606 4058 hoc
619 3992 819 4070 inmensum,
837 3994 925 4081 quod
942 3994 1067 4057 elidere
1082 3991 1218 4082 propria
1235 3994 1361 4061 virtute
1376 4019 1463 4069 nona

348 4270 369 4316 1.
390 4270 462 4317 Corr.
473 4284 573 4317 verum.
586 4296 617 4303 -
627 4269 649 4315 2.
665 4270 734 4315 Corr.
751 4269 819 4330 gelu.
833 4295 860 4304 ·—
875 4270 897 4315 3.
914 4271 984 4316 Corr.
999 4269 1118 4316 sollicite.
