2954 5010
251 372 279 417 tt
534 364 692 413 astruunt!
710 362 917 411 TURONENSIS
937 360 1087 409 setscoet

250 486 369 561 movit,
392 498 427 547 ut
443 482 571 546 scilicet
592 482 634 543 ab
654 503 718 543 una
733 493 827 566 parte
845 477 1046 543 Thoronici.
1065 477 1107 538 ab
1126 475 1190 537 alia
1212 473 1377 562 Biturigi¹

249 588 405 651 commoti
432 598 550 648 cuncta
577 594 755 645 vastarent.
782 582 943 663 Quicum
968 578 1009 641 ad
1035 577 1215 641 terminum
1237 576 1379 664 propin-

249 700 391 775 quasent
407 709 446 751 ac
462 684 600 749 domus'2
616 707 764 747 cremare
781 684 963 770 cepissent.
984 682 1148 744 miserunt
1163 679 1205 742 ad
1220 701 1278 741 eos
1298 678 1378 741 Pec-

249 791 315 853 tari
331 789 472 879 legatos,
490 786 641 851 dicentes
655 810 663 847 z
677 811 694 846 a
709 782 896 862 petemusss,
911 796 1066 870 utusque
1080 782 1115 844 in
1131 779 1270 869 placito,
1287 777 1379 866 quod

94 906 148 957 rot.
162 908 203 955 tat
213 915 240 953 v·
251 891 339 955 inter
353 914 389 954 se
406 888 642 955 (landramnus
656 889 669 975 Ι
684 898 718 950 ct
737 885 976 951 Childebertus
992 884 1101 974 regis¹¹
1115 883 1254 959 habent,
1273 892 1406 945 suste-5

251 993 387 1056 neatis5.
406 989 505 1075 Quod
522 989 550 1055 si
571 987 739 1066 convenit,
759 1001 795 1052 ut
811 989 903 1075 pacis
921 987 1052 1050 bonus*3
1066 1010 1124 1050 rex
1138 984 1379 1050 Gundramnus

250 1094 410 1183 accipiat,
447 1117 513 1157 non
546 1089 769 1163 resistemus⁷‚
807 1091 860 1153 sin
888 1090 991 1168 aliud,
1024 1088 1197 1154 dominum
1227 1099 1379 1152 nostrum

251 1194 541 1285 recognoscimus‘*
558 1193 671 1258 euiussl
689 1193 813 1255 servire
834 1190 968 1279 plenius
990 1190 1182 1255 debeamus.
1203 1217 1221 1251 »
1239 1188 1293 1253 Ad
1315 1189 1379 1252 hec

251 1298 338 1361 illc¹⁰
350 1295 597 1386 responderunt
620 1321 627 1357 ;
651 1321 668 1353 u
686 1293 777 1358 Nihil
797 1293 895 1358 nobis
912 1292 955 1357 de
971 1316 1008 1357 ac
1024 1316 1121 1357 causa
1136 1292 1296 1380 pertinet,
1313 1289 1377 1353 nisi

251 1413 377 1463 tantum
399 1399 488 1461 iussa
507 1394 672 1484 principis
684 1394 879 1482 adimplere.
901 1395 985 1459 Nam
1003 1396 1030 1457 si
1051 1391 1237 1473 nolueritis,
1258 1404 1377 1455 cuneta
1390 1415 1415 1453 ιο

252 1512 288 1563 ut
307 1499 456 1586 cepimus
476 1496 695 1561 devastamus.
724 1522 741 1556 n
765 1496 916 1582 Cumque
939 1496 974 1558 in
995 1495 1060 1558 hoe
1082 1519 1135 1558 res
1158 1506 1325 1584 ageretur,
1342 1505 1377 1555 ut

252 1603 404 1665 universa
418 1598 588 1678 incendio,
599 1598 703 1686 prede
718 1611 817 1686 atque
829 1597 1011 1685 captivitati
1025 1586 1249 1674 traderentur,
1262 1595 1377 1660 eiectis

251 1702 292 1766 ‹le
311 1701 444 1766 civitate
461 1700 653 1765 hominibus
671 1699 892 1779 Childiberti,
917 1713 1123 1763 sacramenta
1144 1700 1376 1764 Gunthramno

252 1804 322 1891 regi
338 1802 523 1879 dederunt3
541 1825 607 1866 non
627 1802 730 1890 longo
747 1815 897 1890 tempore
917 1826 955 1866 ca
970 1801 1206 1866 custodientes.

296 2009 401 2074 Xllll.
416 2009 532 2097 lgitur,
544 2006 741 2071 adveniente
751 2006 888 2096 placito,
899 2006 1017 2071 directi
1030 2021 1107 2072 sunt
1117 2006 1188 2073 ad¹¹
1201 2006 1378 2072 Chilberto
1391 2029 1415 2070 u

252 2133 330 2199 rege
347 2109 487 2198 Egidius
500 2108 692 2197 episcopus,
707 2108 957 2173 Gunthramnus
968 2111 1070 2188 Boso,
1085 2109 1262 2198 Sigoaldus
1275 2121 1309 2172 et
1322 2109 1378 2173 alii

252 2210 344 2275 multi
363 2210 404 2275 ad
421 2209 670 2275 Gundramno¹'2
688 2234 817 2300 regem,
836 2210 1045 2300 ingressique
1067 2211 1107 2274 ad
1126 2234 1212 2289 eum,
1231 2211 1276 2274 ait
1291 2210 1379 2299 epis·

251 2336 355 2400 copus
381 2338 386 2374 :
418 2338 435 2373 u
460 2310 597 2376 Gracias
618 2312 745 2400 agimus
772 2313 842 2375 Deo
865 2311 1105 2400 omnipotenti,
1133 2311 1284 2399 piissime
1305 2336 1376 2390 rex,

251 2413 341 2502 quod
360 2426 392 2479 te
409 2425 486 2502 post
502 2412 621 2477 multos
642 2413 774 2477 labores
788 2413 984 2503 regionibus
1002 2413 1068 2476 tuis
1086 2436 1257 2502 regnoque
1277 2412 1377 2478 resti-

251 2516 325 2580 tuit.
345 2542 361 2576 r
380 2516 441 2580 Cui
462 2539 518 2579 rex
536 2516 603 2578 ait:
625 2541 641 2576 u
663 2514 714 2579 llli
730 2514 819 2579 enim
835 2514 938 2606 digne
957 2528 1034 2580 sunt
1053 2517 1165 2607 gracie
1186 2516 1375 2596 referende,
1390 2541 1417 2579 so

252 2616 309 2704 qui
332 2628 383 2680 est
404 2616 476 2680 Rex
497 2639 612 2706 regum
640 2628 673 2680 et
698 2615 860 2680 Dominus
887 2617 1117 2700 dominorum,
1146 2620 1204 2708 qui
1229 2619 1292 2698 hec
1321 2642 1378 2683 sua

253 2717 471 2783 miseracione
487 2740 625 2805 operare
645 2715 801 2806 diguatus
825 2732 886 2782 est.
907 2720 989 2785 Nam
1010 2744 1077 2785 non
1096 2721 1170 2802 tibi,
1191 2722 1285 2785 ouius
1301 2743 1378 2786 con·

120 2848 175 2897 Fol.
187 2850 240 2898 192,
254 2820 328 2887 silio
349 2820 364 2909 1}
391 2819 508 2884 doloso
537 2843 576 2884 ac
606 2818 761 2908 periuriis
791 2823 946 2911 regiones
982 2847 1055 2902 mee
1084 2847 1171 2888 anno
1205 2825 1378 2912 superiore

118 2925 171 2973 0⁰¹«
185 2924 239 2973 ³¹⁴¹·
253 2922 389 3002 incense
401 2935 490 3001 sunt,
507 2922 564 3009 qui
584 2945 760 3009 numquam
781 2921 880 2986 fidem
896 2924 1059 3013 integram
1074 2950 1148 2990 eum
1159 2926 1227 2990 ullo
1241 2927 1377 2990 homine

251 3024 409 3102 habuisti,
435 3023 528 3088 euius
546 3021 706 3086 dolositas
724 3024 847 3110 ubique
862 3024 1081 3116 dispergitur,
1102 3027 1158 3115 qui
1177 3052 1244 3092 non
1267 3052 1377 3092 sacer·
1390 3050 1416 3089 re

252 3126 376 3204 dotem,
390 3124 448 3188 sed
467 3125 636 3187 inimicum
653 3125 747 3214 regni
766 3127 870 3189 nostri
887 3138 919 3189 te
939 3150 1012 3190 esse
1028 3128 1188 3193 declaras.
1210 3130 1296 3194 »Ad
1314 3129 1377 3209 heo

250 3229 350 3292 verba
378 3227 555 3314 episcopus
582 3226 783 3291 iracondia¹3
807 3241 991 3292 commotus
1017 3229 1119 3294 siluit.
1146 3235 1240 3297 Unus
1268 3246 1377 3297 autem

252 3354 291 3395 cx
308 3329 427 3419 legatis
452 3326 535 3392 dixit
560 3353 567 3395 :
591 3354 608 3390 «
632 3328 812 3416 Supplceat
840 3354 945 3418 nepus
972 3344 1048 3396 tuus
1073 3334 1312 3415 chilbertusffi,
1340 3347 1377 3399 ut

252 3429 418 3509 civitates,
442 3453 524 3518 quas
539 3441 633 3517 pater
650 3428 720 3494 eius
741 3430 860 3512 tenuit,
879 3433 975 3497 reddi
990 3432 1116 3500 iubeas.
1139 3463 1155 3498 u
1168 3437 1220 3500 Ad
1235 3438 1298 3517 hee
1319 3436 1377 3504 ille

251 3531 425 3619 respondit
446 3555 452 3594 :
475 3556 492 3593 ι(
509 3532 576 3595 lam
596 3530 665 3596 dixi
682 3532 777 3597 vobis
801 3533 913 3620 prius,
936 3533 1013 3621 quia
1034 3538 1211 3624 pacciones
1231 3537 1378 3604 nostre16
1391 3561 1416 3601 ao

252 3632 333 3698 mihi
350 3635 413 3698 hee
429 3632 616 3711 conserunt,
636 3632 778 3721 ideoque
796 3657 850 3698 eas
869 3634 1009 3701 reddere
1030 3639 1121 3703 nolo.
1143 3665 1160 3701 »
1180 3639 1274 3705 Alius
1295 3665 1378 3731 quo-

252 3758 316 3823 que
334 3734 518 3825 legatorum
533 3735 577 3798 ait
599 3760 604 3797 :
627 3762 643 3796 «
667 3736 775 3826 Rogat
792 3759 897 3826 nepus
919 3750 992 3803 tuos
1004 3738 1041 3819 ¹⁷,
1065 3754 1102 3805 ut
1120 3742 1375 3832 Fredegundem

284 3964 305 4015 l.
320 3968 391 4015 Corr.
404 3964 521 4014 Bituriel.
534 3993 565 4004 -
578 3968 600 4015 2.
618 3970 689 4016 Corr.
701 3966 801 4017 domos.
814 3995 845 4006 —
857 3971 880 4018 3.
895 3971 964 4018 Corr.
980 3972 1102 4034 petimus.
1120 4000 1149 4011 —
1162 3976 1185 4023 lr.
1203 3977 1272 4024 Corr.
1291 3992 1376 4040 reges.

252 4054 282 4065 -
295 4032 316 4077 ὅ.
335 4031 406 4077 Corr.
424 4028 583 4077 sustinentis.
599 4056 630 4067 -
645 4034 667 4079 6.
685 4033 755 4079 Corr.
777 4047 869 4095 pacem
884 4032 990 4081 bonum.
1003 4062 1034 4071 -
1049 4038 1071 4082 7.
1087 4037 1158 4084 Corr.
1173 4037 1331 4087 resistimus.
1346 4067 1378 4078 -

252 4094 273 4138 u.
296 4092 366 4140 Corr.
387 4106 446 4138 rcco
467 4090 607 4140 noscimus.
625 4118 657 4129 -
670 4094 693 4140 9.
711 4095 781 4141 Corr.
799 4093 849 4142 cui.
864 4118 894 4130 ·-
906 4095 943 4142 10.
964 4098 1035 4145 Corr.
1052 4097 1101 4145 illi.
1117 4125 1148 4134 -
1163 4100 1201 4147 ll.
1219 4102 1290 4149 Corr.
1309 4118 1325 4150 a
1347 4128 1378 4139 -

255 4154 290 4200 12.
304 4155 375 4200 Corr.
392 4106 598 4202 Gundrumnum.
614 4179 645 4191 -
661 4155 697 4202 13.
713 4155 1037 4206 corr.iracundia.-1a.
1054 4161 1123 4207 Corr.
1140 4163 1273 4225 supplicet
1285 4138 1376 4227 nepos.

252 4215 327 4262 ult.
340 4216 410 4263 sorr.
424 4214 594 4264 Chllthertus.
604 4241 634 4253 —-
644 4217 679 4265 16.
691 4218 761 4265 Corra
777 4218 912 4280 pactiones
926 4227 1023 4280 nostre.
1032 4248 1062 4259 —
1071 4223 1109 4270 17.
1125 4224 1196 4271 Corr.
1210 4241 1290 4289 nepos
1305 4232 1376 4277 tuus.
