2954 5010
293 368 324 415 ‘26
577 367 735 419 GREGORII
752 366 960 417 ausonensis
978 366 1128 417 EPISCOPI
1147 416 1150 421 .

293 483 459 572 pendeat?
486 510 503 545 »
525 487 648 551 Verum
669 483 725 549 ubi
751 497 783 548 et
806 484 1001 550 Desiderius
1028 483 1070 547 de
1097 482 1238 547 consilio
1264 482 1416 571 episcopi

293 587 446 674 conperit
463 610 527 674 que
538 589 669 651 Inerant
685 576 786 665 dieta,
799 586 846 650 ira
860 599 1057 666 commotus,
1071 608 1187 651 manus
1202 584 1237 649 in
1249 609 1327 651 eum
1337 583 1417 649 inie-

294 687 355 767 eit;
374 712 553 776 cesumque
575 689 785 752 conmuniter
801 687 918 765 hastiS,
938 688 951 774 ΙΙ
966 687 1101 778 pugnis,
1121 688 1270 753 calcibus
1285 712 1325 751 ac
1340 688 1417 751 fune

293 790 487 867 revinctum,
520 790 619 854 exilio
645 790 894 869 damnaverunt,
921 813 1039 877 resque
1070 788 1141 853 eius
1167 802 1234 853 tam
1259 787 1415 877 proprias

293 915 389 979 quam
411 891 550 971 eclesie1
571 891 699 981 integre
723 892 921 955 auferentes.
943 891 1076 959 Waddo
1097 903 1227 971 autem,
1259 892 1319 979 qui
1343 903 1439 955 erata

293 995 396 1058 maior
415 994 532 1058 domus
557 994 672 1083 regine
697 993 894 1085 Rigunthis,
918 1017 953 1057 se
973 993 1099 1057 eisdem
1120 992 1297 1080 copulavit.
1324 992 1415 1057 Reli-

293 1095 375 1182 que'2
390 1116 467 1160 vero
488 1095 543 1184 qui
561 1120 636 1160 eum
655 1120 694 1160 ec
714 1094 863 1161 abierant
883 1119 943 1183 per
960 1095 1069 1184 fugam
1084 1093 1204 1183 dilapsi
1220 1107 1311 1158 sunt.

337 1303 498 1366 XXVIlll.
519 1299 597 1386 (28).
623 1303 701 1364 Post
719 1300 781 1380 hee
801 1311 909 1364 autem
931 1301 1095 1365 exercitus
1116 1300 1157 1364 ab
1175 1299 1257 1362 urbe
1273 1302 1417 1365 Pectava

294 1413 440 1466 remotus
463 1401 496 1465 in
519 1416 615 1466 antea
630 1413 707 1489 post
724 1401 959 1467 Gundoaldum
980 1401 1214 1489 proficiscitur.
1235 1401 1418 1487 Secutique

294 1517 371 1567 sunt
387 1528 459 1567 eum
473 1503 514 1569 de
534 1505 707 1568 'l'oronieis
727 1505 822 1568 multi
838 1504 922 1567 lucri
939 1527 1053 1582 eausa3
1070 1503 1128 1567 sed
1149 1501 1300 1567 Pectavis
1317 1527 1418 1592 super
1429 1528 1450 1567 a

295 1630 330 1670 se
344 1604 571 1687 inruentibus,
589 1604 602 1695 {l
617 1606 769 1670 nonnulli
793 1605 1005 1693 interempti,
1027 1604 1160 1693 plurimi
1180 1627 1258 1668 vero
1282 1604 1417 1692 spoliati

296 1708 477 1772 redierunt.
497 1707 549 1771 Ilii
568 1721 676 1771 autem
696 1708 752 1794 qui
771 1707 812 1771 de
830 1709 883 1771 his
903 1707 944 1771 ad
963 1708 1145 1771 exercitum
1167 1708 1260 1794 prius
1279 1705 1417 1771 111110110-

296 1822 370 1872 rant
385 1808 509 1896 pariter
522 1810 686 1873 abierunt.
705 1811 820 1897 Itaque
832 1810 997 1873 exercitus
1008 1809 1049 1873 ad
1061 1807 1266 1873 Dornoniam
1282 1806 1417 1873 fluvium

296 1911 474 1988 accedens,
495 1912 678 1998 prestolare
701 1913 827 2000 coepit,
849 1912 929 2000 quid
949 1911 991 1974 de
1009 1910 1210 1975 Gundoaldo
1231 1933 1417 1999 cognusce-

296 2014 374 2077 ret3.
400 2012 458 2076 Cui
475 2012 556 2092 iam,
577 2025 725 2100 utsupra
743 2014 870 2077 dictum
890 2025 956 2092 est,
977 2012 1176 2091 adheserant
1193 2012 1260 2075 dux
1274 2011 1416 2076 Disede·
1429 2034 1448 2075 a

298 2114 384 2178 riusl
407 2126 441 2177 et
464 2114 628 2179 Bladastis
648 2138 723 2178 cum
741 2114 916 2184 Waddone
942 2115 1066 2178 maiore
1092 2113 1209 2177 domus
1236 2111 1419 2203 Rigunthis

298 2217 424 2305 regine.
452 2218 554 2280 Erant
573 2215 672 2303 primi
692 2240 766 2280 cum
787 2240 825 2279 eo
844 2215 1044 2305 Sagittarius
1068 2216 1245 2303 episcopus
1262 2227 1296 2278 et
1312 2217 1419 2280 Illum-

299 2319 416 2399 molus.
439 2317 638 2409 Sagittarius
662 2317 750 2382 enirn
774 2319 836 2382 iam
862 2318 1145 2404 repromissione5
1163 2316 1204 2380 de
1221 2314 1419 2405 episcopatu

298 2423 324 2484 T
326 2421 487 2484 hclosano
507 2433 690 2508 acceperat.

342 2626 446 2691 XXVI
471 2624 548 2711 (29).
580 2627 666 2688 Dum
694 2638 802 2688 autem
830 2624 892 2703 hee
910 2636 1100 2714 agerentur,
1125 2624 1215 2687 misit
1230 2647 1289 2687 rex
1311 2623 1450 2687 Gnatae

299 2726 475 2790 chramnus
492 2726 690 2807 [Claudium]
706 2726 883 2813 quendam,
901 2725 1017 2789 dicens
1039 2752 1045 2788 :
1063 2752 1079 2785 «
1094 2723 1129 2789 Si
1139 2724 1274 2804 abieris,
1287 2724 1417 2812 inquid,

300 2839 333 2890 et
350 2827 490 2891 eiectum
515 2827 556 2891 de
580 2827 716 2891 ba'silioa
736 2827 929 2891 Eberullum
954 2841 1008 2890 aut
1022 2826 1133 2915 gladio
1149 2825 1347 2889 interemis⁶
1367 2838 1420 2890 aut

300 2929 425 2994 catenis
442 2930 623 3007 vincxeris,
641 2929 769 3018 magnis
789 2942 822 2992 te
843 2929 1036 2992 muneribus
1051 2928 1286 3014 locupletabc;
1305 2952 1419 2992 verun-

300 3045 423 3110 tamen,
442 3055 483 3094 ne
503 3044 616 3111 sancte
637 3030 774 3111 basilice
797 3029 951 3095 inluriam
969 3031 1105 3108 inferas,
1118 3029 1254 3093 omnino
1272 3053 1419 3093 commo·

300 3158 375 3198 nec.
394 3133 486 3197 »Ille
509 3158 605 3212 vero,
630 3147 665 3198 ut
689 3146 760 3197 erat
783 3131 926 3196 vanitate
951 3132 1079 3221 adque⁷
1104 3130 1243 3210 avaricie
1265 3130 1451 3206 deditum

298 3236 457 3299 velociter
484 3235 631 3300 Parisius
661 3234 844 3300 atvolavitss.
878 3237 967 3300 Uxor
993 3235 1081 3297 enlm
1110 3234 1158 3296 019
1191 3256 1231 3295 ex
1256 3230 1420 3296 Meldensi

170 3364 224 3412 Ful.
234 3366 287 3413 200.
300 3337 511 3400 terreturium
519 3335 544 3380 ¹⁰
560 3334 573 3425 l(
593 3348 673 3400 erat.
687 3336 827 3403 Volvere
843 3336 952 3399 animo
968 3333 1092 3422 coepit,
1105 3346 1215 3397 utrum
1226 3333 1420 3423 Fredegun-
1450 3370 1453 3377 ·

301 3438 377 3501 dem
401 3439 549 3527 reginam
568 3438 715 3516 videret,
742 3436 856 3501 dicens
877 3462 883 3499 :
904 3463 920 3497 a
941 3436 977 3501 Si
998 3460 1069 3500 eam
1086 3434 1217 3511 videre,
1238 3433 1362 3499 elicere
1381 3435 1421 3497 ab

301 3564 338 3603 ea
356 3538 481 3626 aliquid
498 3538 642 3603 muneris
663 3562 810 3626 possum.
844 3537 921 3602 Scio
939 3537 1027 3601 enim
1046 3561 1116 3600 eam
1140 3559 1215 3600 esse
1234 3536 1364 3599 homiui
1382 3534 1421 3599 ad

301 3667 398 3731 quem
415 3642 648 3705 di1·ectussum
669 3641 846 3705 inimicam.
873 3668 889 3701 »
909 3643 1001 3705 'Iuno
1019 3640 1181 3704 accedens
1203 3637 1245 3702 ad
1263 3662 1358 3718 eam,
1380 3638 1420 3702 de
1432 3660 1453 3698 aa

301 3744 485 3831 presente*¹
503 3767 638 3807 munera
656 3766 775 3833 magna
792 3745 940 3831 capiens,
959 3741 1198 3830 promissiones
1217 3740 1339 3804 multas
1360 3739 1419 3803 eli-

301 3848 386 3923 cuit,
411 3859 446 3909 ut
466 3858 521 3909 aut
540 3858 721 3909 extractum
747 3870 763 3908 a
786 3845 921 3908 basilica
943 3844 1136 3908 llbernll'nm
1161 3841 1344 3920 occideret,
1366 3854 1422 3904 aut

333 4038 353 4083 l.
374 4040 443 4084 Corr.
458 4038 574 4095 ecclesie.
586 4065 615 4071 -
628 4039 650 4082 2.
664 4039 733 4083 Ccrr.
749 4037 889 4100 copulavit.
907 4036 1016 4099 Reliqui.
1029 4064 1059 4072 —
1072 4039 1094 4082 3.
1112 4038 1182 4081 t'orr.
1197 4038 1377 4095 cognosceret.
1396 4058 1425 4067 -

299 4103 321 4147 l.
342 4103 411 4147 Corr.
429 4100 591 4147 Desederius.
605 4127 635 4135 -
651 4104 673 4147 5.
693 4102 763 4146 Corr.
783 4100 1022 4162 repromissnonem.
1034 4126 1065 4133 —
1080 4100 1102 4145 6,
1122 4099 1192 4144 Corr.
1210 4093 1385 4142 iuteremeris.
1396 4120 1425 4129 -—

301 4165 322 4208 7.
339 4165 408 4210 Corr.
431 4162 540 4209 vanitati
560 4165 721 4224 atque—8.
744 4164 813 4208 (forr.
836 4161 975 4210 advolavit.
989 4189 1019 4196 -
1034 4163 1056 4208 9.
1077 4163 1147 4207 sorr.
1166 4158 1230 4205 eius.
1248 4158 1334 4207 -10.
1352 4159 1423 4204 Corr.

299 4225 446 4275 terreturio.
461 4252 491 4260 —
505 4225 541 4274 11.
555 4227 626 4272 Corr.
641 4224 764 4288 presenti.
