2954 5010
268 380 314 426 tta
547 377 705 427 GREGORll
723 378 933 427 TURONENSIS
950 379 1102 427 EPlSCOPl

93 519 250 571 mma,
268 496 422 560 cionibus
445 495 618 559 iusseretis
631 496 658 572 1;
684 508 812 559 tantum
830 520 888 560 vos
908 520 1109 560 consensum
1130 497 1304 583 praebete,
1322 496 1334 585 l}
1351 508 1384 560 ut

268 599 298 661 ei
323 597 585 674 Chlodosoinda,
613 597 699 661 sicut
724 597 882 685 postulat,
909 599 1138 687 dispensetur.
1166 626 1184 658 »
1213 599 1285 662 Rex
1307 600 1380 662 ait:

268 727 285 762 «
306 699 342 764 Si
359 699 448 764 enim
470 723 576 787 nepus
596 723 688 763 meus
704 700 833 788 implet,
851 699 966 788 quein
984 700 1198 789 pactionibus
1219 702 1384 764 conscribi

265 802 386 879 voluit,
406 816 439 866 et
457 826 521 891 ego
539 801 580 865 de
603 801 658 865 is?
678 802 761 866 facio
783 802 987 868 voluntatem
1003 804 1087 867 eius.
1111 831 1129 863 »
1155 805 1384 868 Promitteuti-
1398 845 1421 854 -

265 905 327 968 bus
343 903 439 968 nobis
455 928 529 969 eum
547 903 658 968 omnia
674 904 901 992 impleturum,
920 905 1041 970 adiecit
1059 904 1202 971 Filex3:
1223 932 1240 965 α
1258 908 1421 993 Depre-—

265 1020 358 1072 catur
376 1009 474 1071 etiam
493 1008 649 1094 pietatem
669 1020 825 1085 vestram,
843 1022 879 1071 ut
898 1008 928 1072 ei
949 1007 1108 1072 solacium
1124 1020 1242 1072 contra
1261 1010 1421 1096 Lango—

264 1114 412 1179 bardus4
429 1115 596 1190 tribuatis,
617 1113 761 1202 qualiter
780 1113 909 1202 expulsi
926 1113 968 1177 de
982 1113 1088 1191 Italia,
1105 1138 1183 1202 pars
1199 1113 1267 1194 illa,
1288 1138 1421 1202 quan-

263 1216 397 1305 genitor
418 1240 496 1280 suus
518 1215 697 1280 vindicavit
716 1215 842 1295 vivens,
868 1215 911 1280 ad
935 1241 1010 1280 eum
1033 1229 1231 1296 revertatur,
1258 1216 1421 1303 reliqua-

263 1343 340 1384 vero
361 1342 437 1408 pars
455 1343 516 1407 per
531 1332 677 1382 vestrum
696 1342 858 1406 suumque
877 1317 1035 1382 solacium
1052 1318 1263 1407 imperatoris
1279 1318 1421 1382 dicio-

264 1422 361 1485 nibus
383 1422 588 1486 restituatur.
614 1449 630 1481 »
659 1421 847 1509 Respondit
872 1446 959 1485 rex:
986 1423 1116 1499 «Non,
1142 1421 1278 1510 inquid,
1311 1445 1421 1510 pos-

263 1548 335 1587 sum
355 1522 389 1586 in
406 1523 533 1588 ltaliam
549 1523 730 1587 exercitum
747 1547 855 1587 meum
874 1523 1034 1612 dirigere,
1053 1536 1089 1588 ut
1106 1523 1193 1588 ultro
1211 1548 1269 1588 eos
1286 1537 1369 1587 mort
1381 1526 1421 1587 i

262 1626 403 1690 tradam.
426 1624 675 1690 Gravissimea⁵
695 1624 783 1689 enirn
801 1625 873 1689 lues
896 1627 988 1690 Italia
1010 1649 1098 1690 nunc
1118 1625 1279 1689 devastat.
1304 1653 1321 1687 >a
1344 1629 1417 1690 Et

262 1753 325 1817 ego
349 1753 356 1792 ε
384 1756 401 1789 «
423 1728 632 1792 lndecastis6
651 1729 739 1791 enim
767 1729 883 1815 nepoti
903 1741 1029 1806 vestro,
1051 1741 1087 1791 ut
1106 1729 1198 1791 omni
1218 1728 1312 1817 regni
1333 1728 1405 1791 sui

261 1831 412 1919 episcopi
447 1832 480 1894 in
512 1855 612 1895 unum
650 1832 909 1908 convenerentl,
944 1830 1021 1919 quia
1054 1830 1155 1894 multa
1192 1844 1286 1907 sunt,
1319 1855 1402 1917 que

261 1933 405 1998 debeant
426 1933 585 2021 indagare
600 1934 624 1996 ⁸.
645 1936 711 1998 Sed
730 1934 814 1998 iusta
833 1933 1111 1998 consuetudinem
1129 1956 1296 1997 canonum
1310 1933 1388 2021 pla·
1416 1962 1421 1997 t

261 2037 358 2100 cebat
375 2035 618 2125 gloriosissimo
637 2038 749 2125 nepoti
767 2050 889 2114 vestro,
905 2048 942 2100 ut
958 2036 1190 2123 unusquisque
1212 2047 1386 2124 metropo-

260 2138 301 2202 lis
333 2163 408 2203 cum
436 2138 697 2227 provincialibus
726 2138 794 2203 suis
823 2139 1098 2227 coniungeretur,
1129 2151 1162 2201 et
1189 2150 1286 2216 tune,
1315 2162 1380 2226 que

261 2241 547 2304 inracionabiliter
566 2240 598 2303 in
616 2241 753 2328 regione
771 2240 906 2328 propria
923 2240 1060 2315 fiebant,
1080 2240 1258 2304 sanccione
1274 2263 1378 2303 sacer·

261 2343 363 2406 dotali
384 2343 652 2406 emendarentur.
675 2344 748 2422 Que
769 2341 857 2406 eninr
881 2365 979 2407 causa
998 2355 1105 2418 extat,
1129 2354 1165 2405 ut
1186 2343 1221 2405 iu
1247 2366 1345 2406 unum
1361 2340 1374 2426 ss

123 2471 177 2518 1²01.
189 2472 243 2518 276.
259 2457 349 2509 tauta
365 2445 543 2510 multitudo
558 2445 759 2509 conveniat?
777 2445 932 2509 AEclesiae
952 2444 1034 2508 fides
1053 2443 1203 2532 periculo
1225 2444 1294 2508 ullo
1314 2467 1371 2508 non
1386 2465 1407 2502 n

259 2547 429 2634 quatitur;
454 2546 583 2609 heresis
606 2570 686 2610 nova
707 2548 798 2609 nun⁹
818 2546 936 2635 surgit.
960 2550 1040 2628 Quae
1060 2547 1124 2610 erit
1147 2547 1209 2609 ista
1232 2547 1371 2611 necessi·

258 2660 321 2725 tas,
344 2662 379 2712 ut
397 2648 480 2713 tanti
497 2648 640 2712 debeant
656 2648 688 2711 in
707 2672 807 2711 unum
823 2649 983 2738 coniungi
1001 2648 1114 2712 domni
1133 2648 1322 2713 sacerdotes
1334 2649 1368 2711 l»

260 2753 301 2815 Et
319 2750 374 2813 ille
387 2751 412 2793 ¹⁰
434 2776 440 2812 :
463 2777 479 2810 a
503 2753 588 2815 Sunt
604 2749 718 2827 multa,
738 2750 903 2836 nmquid,
928 2777 944 2810 a
965 2774 1037 2838 quae
1055 2750 1202 2814 debeant
1216 2747 1367 2826 discerni,

259 2878 330 2940 quae
354 2853 478 2917 iniuste
493 2864 587 2942 gesta
605 2864 695 2929 sunt,
712 2865 778 2915 tam
798 2852 838 2916 de
858 2853 1008 2932 incestis,
1027 2853 1186 2940 quamde
1205 2852 1289 2941 ipsis
1307 2874 1368 2940 quae

258 2953 345 3018 inter
367 2979 428 3018 nos
448 2967 588 3043 agantur
605 2955 726 3017 causis.
750 2954 815 3018 Sed
837 2954 996 3041 precipue
1017 2954 1074 3017 illa
1094 2953 1156 3018 Dei
1173 2978 1273 3019 causa
1291 2962 1368 3019 extat
1382 2972 1401 3011 aa

257 3057 412 3121 omnibus
427 3057 448 3101 ¹¹
475 3057 578 3120 maior
598 3068 633 3120 ut
657 3057 835 3143 inquererc
850 3056 872 3100 ¹2
895 3056 1057 3134 debeatis,
1080 3081 1139 3120 cur
1167 3059 1367 3121 Pretextatus

257 3161 434 3247 episeopus
462 3159 575 3248 gladio
602 3161 635 3222 iu
661 3158 798 3222 aeclesiae
823 3159 922 3223 luerit
946 3158 1157 3223 interemtus.
1184 3159 1254 3224 Sed
1278 3173 1310 3224 et
1334 3158 1367 3222 de

256 3263 321 3339 his,
338 3264 395 3349 qui
410 3286 471 3350 pro
486 3261 648 3325 luxoriam
664 3274 835 3339 curantur,
853 3261 982 3325 debetis
998 3285 1032 3325 se
1042 3261 1067 3306 13
1081 3261 1262 3341 discussio,
1275 3276 1310 3327 ut
1322 3271 1367 3325 aut

256 3365 332 3427 victi
354 3363 526 3428 sanctione
547 3363 745 3427 sacerdotali
765 3363 911 3426 debeant
930 3363 1122 3441 aemendari,
1145 3376 1201 3428 aut
1225 3378 1325 3442 certe,
1345 3361 1367 3425 si

256 3465 451 3528 innocentes
468 3464 696 3542 inveniuntur,
716 3464 850 3553 publice
871 3489 965 3529 error
985 3465 1135 3529 oriminis
1153 3466 1332 3531 auferatur.
1352 3489 1365 3524 a
1381 3482 1399 3522 at

255 3569 348 3631 Tunc
364 3565 473 3643 iussit,
491 3566 574 3630 utin
592 3565 752 3630 Kalendis
769 3566 892 3629 mensis
909 3569 983 3630 llll.
999 3568 1068 3630 haec
1080 3567 1219 3631 sinodus
1238 3567 1365 3656 prolon-

115 3688 171 3736 Col.
184 3691 238 3736 tto.
254 3680 401 3756 garetur.
423 3670 465 3732 Et
486 3668 538 3732 his
557 3668 671 3746 dictis,
693 3669 733 3732 ad
754 3667 1014 3757 lraeclesian1¹4ll
1036 3669 1281 3757 processimus;
1307 3679 1367 3732 erat

254 3771 401 3835 henimlf’
416 3770 487 3834 dies
503 3769 560 3834 illa
577 3769 744 3834 dominice
760 3769 1034 3834 resen-eccionis¹6
1049 3769 1278 3859 solempnitas.
1297 3769 1365 3835 Dic·

283 3993 306 4040 l.
326 3997 396 4041 Corr.
415 3992 554 4040 iusseritis.
570 4020 597 4027 —
614 3995 636 4038 2.
655 3994 725 4040 Corr.
741 3992 792 4038 his.
806 4021 837 4028 —
854 3996 877 4039 3.
895 3996 965 4040 Corr.
987 3993 1067 4039 Felix.
1085 4020 1117 4028 —
1133 3995 1155 4040 t.
1175 3991 1363 4056 Langobardos.

251 4083 282 4090 —
297 4061 319 4105 5.
339 4059 410 4103 Corr.
425 4055 591 4118 gravissime.
605 4082 635 4089 -
649 4058 673 4101 6.
690 4058 760 4102 Corr.
777 4055 924 4102 lndienstis.
940 4082 971 4090 ——
984 4057 1005 4101 7.
1024 4058 1096 4104 Corr.
1109 4055 1287 4105 convenirent.
1299 4082 1329 4090 —
1344 4053 1363 4097 8·

253 4122 323 4165 Corr.
337 4119 462 4165 indicare.
477 4146 507 4152 -
519 4119 543 4164 9,
559 4120 629 4164 Corr.
645 4133 720 4163 nunc.
735 4145 762 4152 —
772 4119 811 4164 10.
827 4121 895 4164 sorr.
912 4118 965 4176 ille.
978 4144 1005 4152 -
1019 4119 1057 4165 11.
1074 4121 1146 4166 Corr.
1159 4117 1186 4164 in
1197 4117 1327 4165 omnibus.
1339 4139 1364 4149 μ

250 4181 289 4228 tr.
305 4184 377 4228 corr.
391 4179 531 4243 inquirere.
544 4201 575 4215 a·
585 4180 622 4226 13.
640 4178 690 4234 Sic,
703 4196 750 4241 pro
765 4179 841 4226 debet
856 4196 922 4227 esse.
938 4205 965 4215 -
981 4181 1019 4227 14.
1037 4183 1108 4227 Corr.
1123 4180 1277 4227 aecclesiam.
1289 4206 1319 4214 —
1330 4177 1361 4222 15.

252 4245 322 4291 Corr.
338 4242 513 4290 enim-16.
529 4244 598 4290 corr.
614 4241 823 4289 resurrectionis.
