2954 5010
299 398 327 443 'ra
578 395 736 445 Gnuuouu
754 396 964 444 tunonensis
982 396 1131 445 Episcopi

300 537 436 602 prorsus
461 512 493 576 in
517 527 637 577 terram
663 513 848 591 comitisse,
869 514 979 577 onmia
1009 512 1138 602 pandit,
1162 513 1320 604 dixitque
1338 516 1417 581 mul-

299 628 367 679 tum
384 616 492 680 adhuc
507 616 594 705 aipud
612 616 726 680 urbem
745 616 952 679 rlrenneeam
969 616 1039 680 auri
1060 629 1161 705 atque
1181 616 1316 707 argenti
1334 642 1417 696 esse,

300 741 363 805 que
385 718 425 781 ad
450 718 538 806 regis
561 717 712 781 notitiam
739 743 803 781 nnn
829 717 994 782 venisent.
1021 720 1211 808 Statimque
1239 718 1336 784 misit
1366 744 1420 785 rex

299 821 387 883 viros
416 820 470 907 qui
502 821 571 884 hirc
598 820 728 884 delerre
755 819 944 897 deberintl,
973 845 1047 883 eum
1075 844 1142 885 uno
1167 845 1296 909 puero,
1325 846 1420 911 quem

298 921 392 985 valde
406 922 592 1003 croilitnbn}
612 922 811 986 llurnmolns
826 923 967 1000 habens,
982 924 1051 987 liae
1067 922 1098 987 ei
1113 924 1417 989 commendaverat.
1445 950 1455 987 s

299 1024 468 1088 Abeuntes
502 1038 611 1088 autem
640 1036 841 1111 iieeepernnt
866 1026 976 1089 omnia
1009 1049 1074 1114 que
1112 1024 1147 1089 iu
1190 1026 1278 1091 urbe
1308 1026 1419 1092 relicta

300 1126 440 1190 fuerant.
460 1129 584 1190 Ferunt
603 1139 712 1189 autem
728 1125 870 1190 ducenta
890 1128 1132 1216 quinquaginta
1147 1127 1278 1194 talenta
1293 1132 1420 1220 argenti

300 1228 413 1305 luisse,
427 1229 496 1293 auri
511 1254 588 1293 vero
601 1227 744 1316 amplius
756 1253 853 1318 quam
867 1230 1017 1319 triginta.
1033 1229 1100 1295 Sed
1114 1231 1208 1307 haee,
1223 1245 1260 1297 ut
1274 1233 1420 1315 luerunt,

299 1331 341 1395 de
359 1345 491 1419 reperto
515 1330 652 1420 antiquo
676 1331 832 1395 thesauro
850 1333 1000 1398 abstulit.
1023 1333 1121 1416 Quod
1141 1358 1200 1398 rex
1219 1333 1333 1401 diviso
1351 1361 1421 1403 cum

300 1433 542 1497 Clrildebertho
559 1434 642 1521 regi,
661 1446 782 1520 nepote
799 1458 872 1507 suo,
891 1448 1018 1522 partem
1033 1459 1124 1498 suam
1139 1436 1284 1501 maxime
1297 1463 1423 1528 paupe-
1438 1462 1455 1500 n

300 1536 391 1599 rilms
416 1550 465 1600 est
492 1535 651 1624 largitus3
677 1535 807 1599 mulieri
835 1549 943 1600 autom
970 1538 1053 1601 nihil
1075 1537 1233 1627 aorplius‚
1259 1564 1364 1629 quam
1389 1567 1422 1607 ea

300 1662 372 1726 quae
386 1639 427 1702 de
443 1637 638 1726 parentibus
652 1637 814 1701 habuerat
829 1637 1079 1727 derelinquens.

345 1850 400 1911 Xl.
416 1847 492 1932 (41).
512 1850 605 1911 'l'nne
621 1859 654 1910 et
672 1848 771 1912 homo
789 1847 844 1911 ille
864 1849 1005 1912 inmensi
1023 1848 1173 1938 eorporis
1191 1850 1234 1915 ad
1250 1875 1367 1941 regem
1385 1852 1422 1919 de

302 1949 472 2013 Mummoli
492 1948 707 2013 familiaribus
723 1949 887 2014 adductus
907 1964 970 2029 est,
989 1952 1032 2016 ita
1053 1952 1165 2043 magni
1182 1956 1340 2043 eorporis
1360 1955 1421 2019 ela·

128 2063 236 2110 Forata
250 2072 285 2109 ν’.
301 2064 367 2128 tus,
384 2064 420 2115 ut
435 2051 518 2115 dnos
534 2063 589 2114 aut
605 2063 672 2116 tres
686 2052 789 2139 pedes
804 2078 903 2141 super
920 2053 1135 2141 longissimus
1151 2053 1322 2120 hominis‘2
1338 2056 1353 2146 ΙΙ
1370 2081 1452 2147 pun

302 2168 428 2218 taretur
444 2178 599 2242 magnus,
621 2153 782 2243 lignarius
803 2155 905 2233 saber,
928 2157 984 2242 qni
1003 2180 1070 2220 non
1089 2155 1193 2220 multo
1213 2171 1293 2245 post
1313 2158 1421 2249 abital}

166 2376 286 2423 Cotum.
347 2367 416 2429 XLI
436 2364 513 2451 (42).
536 2366 616 2427 Post
633 2363 694 2443 hec
715 2364 894 2428 edictuma
916 2364 1081 2429 iudicibus
1096 2365 1210 2429 datum
1228 2380 1293 2447 est,
1311 2382 1350 2434 ut
1369 2369 1418 2457 qui
1469 2406 1471 2417 ·

303 2468 336 2531 iu
358 2468 419 2531 hec
439 2466 677 2554 expedicione3
701 2466 787 2530 tardi
812 2466 942 2532 lueraot
970 2467 1220 2532 damnarentur.
1244 2470 1418 2563 Biturgum

303 2593 435 2658 quoque
449 2593 559 2631 crimes
581 2568 671 2632 misit
689 2593 810 2656 pueros
831 2593 920 2641 suos,
941 2582 976 2633 ut
990 2569 1022 2633 in
1043 2569 1142 2634 domo
1160 2571 1249 2635 beati
1273 2574 1417 2653 Martini,

303 2696 368 2759 qne
388 2671 422 2733 in
447 2671 510 2734 hoc
536 2671 679 2734 termino
700 2672 762 2734 sita
783 2684 844 2745 est,
867 2671 1057 2736 huiusmodi
1079 2672 1232 2737 homines
1253 2677 1449 2765 expoliarea

303 2774 476 2837 deberent.
503 2772 569 2836 Sed
592 2796 693 2861 agens
716 2772 832 2836 domus
862 2773 950 2838 illius
971 2774 1127 2839 resistere
1148 2777 1280 2841 sortiter
1299 2779 1417 2869 coepit,

304 2874 417 2938 dicens
441 2900 447 2936 :
475 2901 491 2936 a
515 2876 629 2938 Sancti
649 2873 783 2938 lllartini
802 2874 954 2939 homines
975 2876 1021 2940 hii
1044 2890 1132 2940 sunt.
1152 2876 1243 2942 Nihil
1264 2881 1313 2944 eis
1331 2882 1418 2969 quic·

304 3001 400 3065 quam
420 2976 567 3040 inseratis
589 2975 723 3063 injurie,
748 2978 823 3064 qnia
847 3001 912 3040 non
935 2978 1125 3042 habuerunt
1144 2983 1417 3047 cousuetudinem
1469 3026 1471 3037 ·

304 3080 338 3143 in
353 3080 474 3143 talibus
494 3077 602 3143 causis
620 3079 752 3142 aberel.
775 3104 791 3141 n
811 3080 860 3143 ild
878 3080 957 3143 ille5
976 3080 1157 3145 dixerunt:
1180 3082 1305 3148 «Nihil
1328 3084 1418 3150 nobis
1469 3116 1471 3125 ·

304 3195 338 3247 et
357 3183 501 3246 Martiae
524 3194 592 3261 tuo,
617 3206 714 3269 quem
739 3206 871 3271 semper
891 3183 923 3245 in
945 3184 1053 3246 oansis
1079 3183 1224 3248 inaniter
1242 3186 1417 3273 proferis⁶‚
1432 3208 1450 3248 n

305 3285 363 3350 sed
394 3297 426 3348 et
456 3297 489 3347 tu
521 3297 551 3346 et
581 3284 645 3372 ipsi
677 3283 788 3370 precia
816 3284 1015 3364 dissolvam,
1045 3310 1106 3374 pro
1141 3311 1180 3350 eo
1208 3289 1300 3374 quod
1335 3289 1418 3380 regis

305 3388 478 3475 imperium
502 3386 708 3474 neglexistis.
732 3412 748 3446 n
775 3389 815 3450 Et
831 3386 892 3451 hec
910 3386 1025 3451 dierus
1046 3388 1218 3478 ingressus
1235 3404 1288 3455 est
1303 3392 1418 3457 atrium
1469 3418 1471 3449 Ι

305 3489 435 3553 donius.
457 3488 642 3553 Protenus7
655 3487 771 3553 dolore
787 3514 964 3578 percussus
981 3490 1102 3554 cecidit
1116 3505 1148 3555 et
1163 3492 1310 3581 graviter
1325 3518 1420 3587 agere
1469 3510 1471 3597 ζ

306 3592 428 3680 coepit.
450 3592 704 3678 Conversusque
722 3591 762 3655 ad
784 3605 936 3681 agentem
954 3617 1032 3656 voce
1051 3592 1152 3657 llebili
1177 3593 1223 3657 ait
1246 3621 1252 3658 :
1278 3598 1418 3689 «Rogo,
1469 3610 1471 3671 f

305 3707 342 3758 ut
360 3694 458 3758 l'aeias
479 3718 579 3782 super
599 3718 651 3757 me
672 3717 802 3758 erucem
823 3695 956 3757 Domini
976 3709 1008 3759 et
1028 3695 1174 3760 iuvoois8
1196 3722 1318 3763 nomen
1337 3698 1421 3765 beati
1435 3698 1471 3759 a*

306 3795 454 3863 Martini.
475 3800 571 3862 Nunc
593 3809 700 3861 autem
722 3795 875 3885 cognovi,
898 3798 986 3884 quod
1008 3822 1123 3888 magna
1146 3812 1197 3863 est
1216 3799 1322 3866 virtus
1339 3803 1419 3869 eius.
1469 3794 1471 3799 ⁵

306 3903 388 3966 Nam
408 3899 460 3963 et9
482 3899 691 3988 ingrediente
717 3923 767 3962 me
791 3898 909 3962 atrium
935 3901 1066 3979 domus,
1089 3901 1155 3965 vidi
1176 3904 1281 3966 virum
1312 3930 1421 3972 senem

338 4126 360 4171 l.
377 4127 447 4172 Cora.
459 4123 591 4170 deberent.
607 4150 634 4158 -
651 4124 671 4169 2.
682 4114 759 4170 'Corn
774 4124 943 4186 longissimos
958 4126 1085 4174 homines.
1099 4156 1130 4163 -
1142 4130 1164 4174 3.
1178 4130 1248 4177 Corr.
1264 4128 1424 4197 hacexpedi-

306 4187 384 4235 tione.
396 4190 459 4234 -l.
475 4189 547 4232 (forr.
563 4185 644 4232 abire.
662 4212 689 4220 -
703 4189 725 4232 5.
746 4188 817 4233 Corr.
831 4186 879 4233 illi.
898 4215 921 4224 -
934 4192 956 4234 6.
974 4193 1045 4236 (¹0rr.
1062 4192 1174 4253 profers.
1189 4218 1220 4225 —
1235 4193 1255 4238 7.
1277 4194 1350 4242 Corn.
1363 4210 1424 4260 pro·

307 4250 386 4297 tinus.
403 4278 429 4285 -
442 4253 464 4298 8.
481 4251 552 4295 Corr.
566 4249 681 4297 invoces.
696 4276 726 4284 -
738 4252 764 4298 9.
779 4252 850 4296 Corr.
865 4249 958 4298 delerit
970 4259 1003 4301 et.
