2954 5010
265 389 310 436 176
546 385 705 437 GREGORH
723 385 932 434 TURONENSIS
950 384 1101 434 Eelsoort

266 505 427 580 dicentes,
451 503 527 591 quia
551 529 556 565 :
582 531 597 563 «
616 505 689 568 Non
705 502 894 567 accedimus
910 502 951 567 ad
971 503 1061 566 huno
1081 502 1206 577 locum,
1226 502 1292 564 nisi
1312 526 1378 565 sera

266 606 399 681 seditio,
416 629 479 693 que
496 630 555 692 per
572 604 841 669 Chrodelrcldem
857 605 1013 681 surrexit,
1029 604 1159 669 iudices
1175 604 1379 667 districtione

266 720 446 795 prematur.
467 710 566 771 »Pro
586 707 640 771 ae¹
660 732 793 771 causam
811 708 969 771 blaocoue
989 721 1069 771 tune
1091 707 1256 794 temporis
1274 707 1380 769 comiti

266 809 394 896 prolata
411 809 581 895 preceptio
600 823 662 887 est,
680 809 726 890 [in
748 809 844 896 qua]‘³
860 809 1051 886 iubebatur,
1069 809 1156 872 hanc
1171 808 1379 885 seditionem,

266 911 293 974 si
322 911 529 981 resisterent,
558 911 589 974 vi
616 924 841 998 opprenreret.
871 912 938 989 Hec
967 910 1108 974 audiens
1135 910 1380 987 Chrodieldisl,
1408 937 1418 975 5

266 1013 405 1077 sicarius
418 1013 501 1076 istus
515 1037 589 1076 cum
605 1013 705 1077 armis
719 1027 794 1077 ante
809 1013 1119 1077 ustium⁴01·iturii⁵
1132 1012 1265 1077 adstare
1281 1013 1380 1089 iubet,

266 1129 300 1180 ut
317 1115 442 1179 scilicet
461 1129 686 1205 repugnantes
702 1129 817 1178 coutra
833 1115 990 1192 iudicem,
1008 1115 1036 1178 si
1050 1115 1118 1178 vim
1133 1115 1249 1178 vellit6
1264 1115 1381 1178 inferre

267 1217 392 1304 pariter
410 1218 622 1281 resultarent.
642 1217 737 1281 l'ude
755 1217 980 1281 necessarium
1001 1217 1064 1282 luit
1082 1218 1161 1281 huic
1176 1218 1293 1281 comiti
1310 1217 1382 1280 illuc

267 1345 340 1384 cum
356 1344 444 1383 arma
462 1319 643 1406 procedere
660 1334 691 1383 ct
711 1319 874 1406 quosdam
892 1344 1007 1384 caesos
1021 1320 1185 1395 vectibus,
1204 1320 1382 1384 nonnullus

266 1422 342 1485 telis
355 1422 533 1485 translixus
549 1436 580 1486 ct
595 1421 921 1511 agriusresnltantes
935 1422 1124 1513 gladiorum
1140 1422 1264 1486 ictibus
1281 1422 1382 1487 adlec·
1400 1448 1418 1485 a

267 1538 319 1589 tus
341 1525 551 1610 obprernere.
576 1524 672 1604 Quod
695 1548 769 1587 cum
792 1523 1036 1588 chrodeeldis⁷
1057 1539 1223 1601 cerneret,
1247 1538 1378 1610 accepta

267 1649 364 1688 cruce
383 1624 561 1691 dominica.
579 1625 672 1688 cuius
691 1624 784 1711 prius
804 1625 961 1689 virtutem
981 1624 1184 1712 disponerat,
1202 1625 1236 1688 in
1255 1625 1381 1688 obviam

267 1726 451 1817 egreditur.
473 1726 588 1789 diceus
611 1753 617 1788 :
643 1754 658 1786 u
679 1727 789 1791 Nolite
810 1751 911 1813 super
932 1750 996 1803 me,
1018 1751 1136 1814 queso,
1158 1727 1224 1790 vim
1245 1727 1378 1804 inferre,

268 1854 332 1916 que
353 1852 424 1891 sum
446 1829 573 1918 regina.
596 1828 662 1892 lilia
685 1829 775 1918 regis
792 1828 805 1917 l}
823 1829 981 1919 regisque
1001 1829 1139 1893 alterius
1161 1830 1378 1905 consubrina;

268 1931 371 1993 nolite
400 1931 525 1999 lacere.
559 1955 599 1993 ne
632 1930 766 2018 ‹prande›
795 1930 917 2017 vejtniat
946 1944 1096 2017 tempus,
1129 1945 1162 1995 et
1195 1931 1336 1995 ulciscar
1365 1956 1414 1997 au

268 2032 394 2096 robis⁸.
415 2061 430 2090 »
454 2031 520 2095 Sed
539 2033 657 2121 vulgus
675 2033 767 2119 parui
784 2032 935 2119 pendens
952 2056 1017 2119 que
1037 2034 1078 2096 ab
1095 2057 1131 2096 ea
1154 2032 1377 2107 decibanturl,

268 2135 417 2201 iruueus.
447 2148 480 2197 ut
510 2134 667 2199 diximus.
695 2159 795 2221 supra
823 2159 860 2197 os
889 2135 1102 2207 resultantes,
1129 2135 1296 2199 rinctus¹⁰
1322 2135 1377 2221 ald)

268 2236 504 2300 rarearrasterium
519 2250 744 2303 extraxerunt.
756 2262 792 2300 ac
804 2237 844 2301 ael
861 2237 993 2323 stipites
1009 2251 1178 2315 extensos,
1190 2238 1376 2325 gravissime

268 2369 382 2409 caesos.
401 2343 474 2407 aliis
491 2343 664 2409 cesariem.
685 2343 759 2411 aliis
778 2344 943 2411 manibus,
962 2343 1133 2406 nonnullis
1148 2344 1286 2408 auribus
1301 2343 1374 2407 nari-

268 2446 396 2532 busque
426 2445 572 2511 decesis.
602 2445 723 2508 seditio
751 2445 804 2527 3ele
819 2445 977 2531 depressa
1004 2445 1142 2531 quievit.
1174 2448 1267 2509 Tunc
1297 2469 1407 2509 rese-n

267 2547 385 2611 dentes
417 2546 606 2610 sacerdotes
638 2547 695 2634 qui
724 2547 860 2610 aderant
894 2571 996 2633 super
1024 2546 1175 2610 tribunal
1206 2548 1372 2623 ecclesiae,

269 2649 371 2712 adluit
403 2649 669 2712 Cluodebelelis7
697 2649 798 2712 inulta
830 2649 862 2711 iu
892 2649 1059 2712 abbatissa
1087 2648 1216 2714 iactans
1246 2649 1373 2714 convitia

268 2775 342 2814 cum
366 2750 579 2817 criminibus.
604 2751 762 2814 adserens
785 2775 856 2814 eam
881 2751 989 2814 sirum
1016 2751 1141 2814 habere
1164 2752 1200 2815 in
1223 2767 1372 2816 monaste-

270 2852 367 2919 rium.
393 2853 449 2940 qui
474 2852 609 2917 indutus
634 2853 830 2916 vestimenta
852 2853 1027 2916 rnuliebria
1051 2877 1113 2940 pro
1138 2854 1261 2918 lemina
1285 2855 1372 2918 habe·

270 2968 373 3021 retur.
399 2979 474 3018 curn
498 2970 585 3018 esset
613 2955 662 3017 sir
688 2954 940 3018 nnuril'estisime
967 2954 1168 3031 declaratus,
1197 2971 1296 3044 atque
1320 2951 1372 3042 ipsi
1386 2974 1404 3012 n

269 3057 437 3121 abbatissa
454 3057 705 3120 laruulaturetur
721 3057 867 3123 assidue.
888 3057 1041 3120 iudicans
1056 3082 1133 3120 eum
1148 3057 1259 3149 digito
1277 3085 1283 3121 :
1302 3086 1318 3120 u
1334 3059 1373 3121 En

270 3160 390 3247 ipsum.
421 3188 434 3218 υ
465 3159 530 3240 Qui
555 3183 629 3222 cum
658 3160 690 3221 in
717 3173 820 3226 veste.
848 3173 881 3222 ut
909 3159 1067 3233 diximus,
1095 3159 1255 3223 muliebri
1279 3178 1373 3224 coram

269 3261 425 3325 etrruribus
444 3262 651 3327 adstetisset.
671 3261 755 3324 dixit
772 3286 807 3324 se
829 3261 913 3324 nihil
933 3286 1018 3348 opus
1032 3286 1133 3348 posse
1152 3262 1251 3326 virile
1272 3283 1373 3354 agere,

270 3363 345 3427 ideo
367 3362 525 3450 quesivill
555 3364 618 3426 hoc
648 3363 878 3426 indumentum
900 3376 1056 3426 intentasse.
1082 3363 1297 3428 ,tbbatissam
1317 3363 1375 3426 viro

270 3465 403 3528 rumnisi
441 3478 567 3528 tantum
600 3465 732 3528 maniae
767 3465 918 3531 nossit12.
957 3490 1059 3552 seque
1097 3489 1170 3528 eam
1208 3483 1408 3553 numquama

269 3567 392 3630 vidisse
418 3591 524 3654 neque
549 3592 623 3630 cum
648 3566 763 3630 eadem
795 3566 1001 3654 colloquium
1030 3567 1189 3630 habuisse
1219 3570 1377 3654 professus

269 3684 332 3743 est,
356 3670 532 3757 presertim
551 3695 625 3732 cum
647 3669 699 3732 hie
720 3669 864 3756 arrrtplius
884 3694 982 3756 quam
1003 3669 1226 3759 quadraginta
1246 3672 1289 3734 ab
1308 3670 1378 3733 urbe

271 3775 409 3837 l‘cctasa
419 3772 555 3836 milibus
565 3771 714 3862 degeret.
728 3771 833 3861 lgitur
843 3772 1012 3835 abbatissa
1023 3771 1065 3834 de
1075 3770 1138 3835 istc
1149 3772 1313 3837 criminae
1323 3793 1379 3834 non

302 4050 321 4097 l.
340 4052 409 4097 sorr.
430 4048 505 4095 butu.
522 4075 548 4083 -
564 4050 585 4093 2.
602 4046 668 4093 ΜΔ.
684 4045 737 4091 aliu
754 4064 840 4093 intutu.
859 4075 884 4082 -
899 4050 922 4093 3.
938 4050 1008 4094 surr.
1026 4045 1217 4093 ehrodihildis.
1232 4075 1266 4084 —-
1279 4051 1302 4097 4.
1319 4050 1381 4095 Com.

269 4112 374 4159 ostiani.
433 4116 456 4157 ξι.
478 4115 547 4157 e'orr.
567 4110 686 4156 ·.›r·uturii.
701 4138 729 4145 -
743 4114 765 4155 ¹5.
785 4113 854 4156 (ων-ν.
878 4112 961 4156 vellet.
976 4112 1041 4155 -7,
1062 4112 1133 4156 sorr.
1151 4109 1347 4157 Chrodehildis.
1360 4134 1383 4144 -

268 4178 290 4220 tl.
309 4178 378 4221 (ων.
395 4174 506 4221 ulciscur
522 4173 605 4219 robis.
619 4176 685 4219 -..9⁴
705 4176 774 4219 t'orr.
794 4172 961 4219 decebantnr.
977 4199 1008 4207 -
1030 4173 1065 4218 lo.
1087 4174 1155 4218 sorr.
1176 4171 1293 4220 vinctos.
1310 4199 1339 4208 ·-
1352 4173 1384 4217 ll.

268 4237 322 4287 ste.
334 4254 381 4298 pro
398 4236 507 4299 ideoque
520 4236 579 4281 sibi.
594 4263 624 4271 -
640 4236 673 4281 ΓΖ.
690 4238 760 4282 (uer.
776 4242 872 4281 inesset.
