<?xml version="1.0" encoding="UTF-8"?>
<!DOCTYPE html PUBLIC "-//W3C//DTD XHTML 1.0 Transitional//EN"
    "http://www.w3.org/TR/xhtml1/DTD/xhtml1-transitional.dtd">
<html xmlns="http://www.w3.org/1999/xhtml" xml:lang="en" lang="en">
 <head>
  <title>
</title>
<meta http-equiv="Content-Type" content="text/html;charset=utf-8" />
  <meta name='ocr-system' content='tesseract 3.04.00' />
  <meta name='ocr-capabilities' content='ocr_page ocr_carea ocr_par ocr_line ocrx_word'/>
</head>
<body>
  <div class='ocr_page' id='page_1' title='image "./grgoiredetoursh00collgoog_0041.png"; bbox 0 0 2954 5010; ppageno 0'>
   <div class='ocr_carea' id='block_1_1' title="bbox 417 377 1260 430">
    <p class='ocr_par' dir='ltr' id='par_1_1' title="bbox 417 377 1260 430">
     <span class='ocr_line' id='line_1_1' title="bbox 417 377 1260 430; baseline -0.001 0"><span class='ocrx_word' id='word_1_1' title='bbox 417 380 583 430; x_wconf 84' lang='lat' dir='ltr'>HISTORIAE</span> <span class='ocrx_word' id='word_1_2' title='bbox 599 379 800 429; x_wconf 78' lang='lat' dir='ltr'>FRANCORUM</span> <span class='ocrx_word' id='word_1_3' title='bbox 816 378 914 429; x_wconf 74' lang='lat' dir='ltr'>tlara</span> <span class='ocrx_word' id='word_1_4' title='bbox 930 377 984 426; x_wconf 89' lang='lat' dir='ltr'>Vll.</span> <span class='ocrx_word' id='word_1_5' title='bbox 1231 378 1260 429; x_wconf 83' lang='lat'>27</span> 
     </span>
    </p>
   </div>
   <div class='ocr_carea' id='block_1_2' title="bbox 89 494 1413 3738">
    <p class='ocr_par' dir='ltr' id='par_1_2' title="bbox 139 494 1259 891">
     <span class='ocr_line' id='line_1_2' title="bbox 139 494 1259 581; baseline -0.002 -19"><span class='ocrx_word' id='word_1_6' title='bbox 139 496 399 562; x_wconf 86' lang='lat' dir='ltr'>circumventum</span> <span class='ocrx_word' id='word_1_7' title='bbox 420 498 505 562; x_wconf 91' lang='lat' dir='ltr'>dolis</span> <span class='ocrx_word' id='word_1_8' title='bbox 534 497 659 561; x_wconf 85' lang='lat' dir='ltr'>eatenis</span> <span class='ocrx_word' id='word_1_9' title='bbox 680 494 829 560; x_wconf 87' lang='lat' dir='ltr'>vinceret</span> <span class='ocrx_word' id='word_1_10' title='bbox 852 507 907 560; x_wconf 87' lang='lat' dir='ltr'>aut</span> <span class='ocrx_word' id='word_1_11' title='bbox 933 508 1022 561; x_wconf 90' lang='lat' dir='ltr'>certe</span> <span class='ocrx_word' id='word_1_12' title='bbox 1038 495 1072 558; x_wconf 91' lang='lat' dir='ltr'>in</span> <span class='ocrx_word' id='word_1_13' title='bbox 1090 495 1164 581; x_wconf 90' lang='lat' dir='ltr'>ipso</span> <span class='ocrx_word' id='word_1_14' title='bbox 1184 519 1259 560; x_wconf 90' lang='lat' dir='ltr'>eum</span> 
     </span>
     <span class='ocr_line' id='line_1_3' title="bbox 139 597 1257 690; baseline -0.001 -29"><span class='ocrx_word' id='word_1_15' title='bbox 139 597 223 662; x_wconf 85' lang='lat' dir='ltr'>atrio</span> <span class='ocrx_word' id='word_1_16' title='bbox 242 599 461 664; x_wconf 72' lang='lat' dir='ltr'>trucedaretl.</span> <span class='ocrx_word' id='word_1_17' title='bbox 486 602 670 690; x_wconf 83' lang='lat' dir='ltr'>Regressus</span> <span class='ocrx_word' id='word_1_18' title='bbox 692 610 802 663; x_wconf 86' lang='lat' dir='ltr'>autem</span> <span class='ocrx_word' id='word_1_19' title='bbox 822 598 862 662; x_wconf 87' lang='lat' dir='ltr'>ad</span> <span class='ocrx_word' id='word_1_20' title='bbox 882 600 1074 663; x_wconf 92' lang='lat' dir='ltr'>Dunensem</span> <span class='ocrx_word' id='word_1_21' title='bbox 1097 609 1257 677; x_wconf 81' lang='lat' dir='ltr'>castrum,</span> 
     </span>
     <span class='ocr_line' id='line_1_4' title="bbox 139 697 1258 788; baseline -0.002 -24"><span class='ocrx_word' id='word_1_22' title='bbox 139 701 294 785; x_wconf 85' lang='lat' dir='ltr'>comitem</span> <span class='ocrx_word' id='word_1_23' title='bbox 313 702 498 780; x_wconf 88' lang='lat' dir='ltr'>commovit,</span> <span class='ocrx_word' id='word_1_24' title='bbox 515 714 551 765; x_wconf 92' lang='lat' dir='ltr'>ut</span> <span class='ocrx_word' id='word_1_25' title='bbox 565 703 595 765; x_wconf 92' lang='lat' dir='ltr'>ei</span> <span class='ocrx_word' id='word_1_26' title='bbox 610 701 798 765; x_wconf 73' lang='lat' dir='ltr'>trecentus2</span> <span class='ocrx_word' id='word_1_27' title='bbox 815 701 903 764; x_wconf 90' lang='lat' dir='ltr'>viros</span> <span class='ocrx_word' id='word_1_28' title='bbox 920 701 1013 788; x_wconf 85' lang='lat' dir='ltr'>quasi</span> <span class='ocrx_word' id='word_1_29' title='bbox 1029 713 1062 765; x_wconf 90' lang='lat' dir='ltr'>at</span> <span class='ocrx_word' id='word_1_30' title='bbox 1073 697 1258 765; x_wconf 90' lang='lat' dir='ltr'>costodien-</span> 
     </span>
     <span class='ocr_line' id='line_1_5' title="bbox 139 802 1258 891; baseline -0.001 -26"><span class='ocrx_word' id='word_1_31' title='bbox 139 802 217 865; x_wconf 83' lang='lat' dir='ltr'>das³</span> <span class='ocrx_word' id='word_1_32' title='bbox 249 803 411 882; x_wconf 77' lang='lat' dir='ltr'>Toronice</span> <span class='ocrx_word' id='word_1_33' title='bbox 441 804 533 866; x_wconf 92' lang='lat' dir='ltr'>urbis</span> <span class='ocrx_word' id='word_1_34' title='bbox 562 814 675 891; x_wconf 87' lang='lat' dir='ltr'>portas</span> <span class='ocrx_word' id='word_1_35' title='bbox 704 802 913 891; x_wconf 84' lang='lat' dir='ltr'>adiungeret,</span> <span class='ocrx_word' id='word_1_36' title='bbox 945 802 1074 866; x_wconf 90' lang='lat' dir='ltr'>scilieet</span> <span class='ocrx_word' id='word_1_37' title='bbox 1102 814 1156 880; x_wconf 90' lang='lat' dir='ltr'>ut,</span> <span class='ocrx_word' id='word_1_38' title='bbox 1185 824 1258 864; x_wconf 89' lang='lat' dir='ltr'>eum</span> 
     </span>
    </p>

    <p class='ocr_par' dir='ltr' id='par_1_3' title="bbox 109 901 1289 1401">
     <span class='ocr_line' id='line_1_6' title="bbox 109 901 1255 991; baseline -0.002 -24"><span class='ocrx_word' id='word_1_39' title='bbox 109 929 122 967; x_wconf 87' lang='lat'>5</span> <span class='ocrx_word' id='word_1_40' title='bbox 137 905 295 982; x_wconf 89' lang='lat' dir='ltr'>venisset,</span> <span class='ocrx_word' id='word_1_41' title='bbox 314 927 374 991; x_wconf 92' lang='lat' dir='ltr'>per</span> <span class='ocrx_word' id='word_1_42' title='bbox 392 927 504 968; x_wconf 90' lang='lat' dir='ltr'>eorum</span> <span class='ocrx_word' id='word_1_43' title='bbox 519 904 676 968; x_wconf 85' lang='lat' dir='ltr'>solacium</span> <span class='ocrx_word' id='word_1_44' title='bbox 693 903 886 968; x_wconf 84' lang='lat' dir='ltr'>Eberulfum</span> <span class='ocrx_word' id='word_1_45' title='bbox 904 916 1018 988; x_wconf 88' lang='lat' dir='ltr'>posset</span> <span class='ocrx_word' id='word_1_46' title='bbox 1029 901 1255 990; x_wconf 68' lang='lat' dir='ltr'>obpremeret</span> 
     </span>
     <span class='ocr_line' id='line_1_7' title="bbox 140 1005 1259 1093; baseline -0.002 -24"><span class='ocrx_word' id='word_1_47' title='bbox 140 1007 289 1093; x_wconf 87' lang='lat' dir='ltr'>Cumque</span> <span class='ocrx_word' id='word_1_48' title='bbox 309 1029 421 1070; x_wconf 91' lang='lat' dir='ltr'>comes</span> <span class='ocrx_word' id='word_1_49' title='bbox 435 1005 499 1071; x_wconf 86' lang='lat' dir='ltr'>loci</span> <span class='ocrx_word' id='word_1_50' title='bbox 521 1005 608 1069; x_wconf 92' lang='lat' dir='ltr'>viros</span> <span class='ocrx_word' id='word_1_51' title='bbox 622 1006 703 1069; x_wconf 90' lang='lat' dir='ltr'>istos</span> <span class='ocrx_word' id='word_1_52' title='bbox 724 1017 961 1083; x_wconf 88' lang='lat' dir='ltr'>commoneret,</span> <span class='ocrx_word' id='word_1_53' title='bbox 983 1005 1141 1069; x_wconf 91' lang='lat' dir='ltr'>Claudius</span> <span class='ocrx_word' id='word_1_54' title='bbox 1158 1007 1259 1068; x_wconf 91' lang='lat' dir='ltr'>Toro-</span> 
     </span>
     <span class='ocr_line' id='line_1_8' title="bbox 139 1106 1289 1195; baseline -0.002 -25"><span class='ocrx_word' id='word_1_55' title='bbox 139 1131 200 1170; x_wconf 92' lang='lat' dir='ltr'>nus</span> <span class='ocrx_word' id='word_1_56' title='bbox 216 1109 430 1194; x_wconf 81' lang='lat' dir='ltr'>peraccessit.</span> <span class='ocrx_word' id='word_1_57' title='bbox 453 1110 495 1172; x_wconf 89' lang='lat' dir='ltr'>Et</span> <span class='ocrx_word' id='word_1_58' title='bbox 515 1132 589 1171; x_wconf 92' lang='lat' dir='ltr'>cum</span> <span class='ocrx_word' id='word_1_59' title='bbox 606 1106 669 1170; x_wconf 90' lang='lat' dir='ltr'>iter</span> <span class='ocrx_word' id='word_1_60' title='bbox 690 1117 814 1195; x_wconf 85' lang='lat' dir='ltr'>ageret,</span> <span class='ocrx_word' id='word_1_61' title='bbox 837 1118 874 1169; x_wconf 91' lang='lat' dir='ltr'>ut</span> <span class='ocrx_word' id='word_1_62' title='bbox 893 1106 1100 1170; x_wconf 85' lang='lat' dir='ltr'>consuetudo</span> <span class='ocrx_word' id='word_1_63' title='bbox 1120 1118 1171 1168; x_wconf 88' lang='lat' dir='ltr'>est</span> <span class='ocrx_word' id='word_1_64' title='bbox 1186 1107 1258 1169; x_wconf 88' lang='lat' dir='ltr'>bar·</span> <span class='ocrx_word' id='word_1_65' title='bbox 1284 1118 1289 1125; x_wconf 90' lang='lat'>&#39;</span> 
     </span>
     <span class='ocr_line' id='line_1_9' title="bbox 138 1207 1259 1296; baseline 0.001 -26"><span class='ocrx_word' id='word_1_66' title='bbox 138 1209 307 1286; x_wconf 92' lang='lat' dir='ltr'>barorum,</span> <span class='ocrx_word' id='word_1_67' title='bbox 329 1209 475 1296; x_wconf 90' lang='lat' dir='ltr'>auspicia</span> <span class='ocrx_word' id='word_1_68' title='bbox 496 1208 671 1273; x_wconf 85' lang='lat' dir='ltr'>intendere</span> <span class='ocrx_word' id='word_1_69' title='bbox 690 1209 801 1296; x_wconf 89' lang='lat' dir='ltr'>coepit</span> <span class='ocrx_word' id='word_1_70' title='bbox 818 1231 855 1271; x_wconf 92' lang='lat' dir='ltr'>ae</span> <span class='ocrx_word' id='word_1_71' title='bbox 875 1207 986 1272; x_wconf 86' lang='lat' dir='ltr'>dicere</span> <span class='ocrx_word' id='word_1_72' title='bbox 1001 1207 1065 1271; x_wconf 92' lang='lat' dir='ltr'>sibi</span> <span class='ocrx_word' id='word_1_73' title='bbox 1085 1231 1158 1271; x_wconf 91' lang='lat' dir='ltr'>esse</span> <span class='ocrx_word' id='word_1_74' title='bbox 1178 1231 1259 1271; x_wconf 91' lang='lat' dir='ltr'>con·</span> 
     </span>
     <span class='ocr_line' id='line_1_10' title="bbox 137 1309 1259 1401; baseline 0.002 -29"><span class='ocrx_word' id='word_1_75' title='bbox 137 1309 250 1387; x_wconf 89' lang='lat' dir='ltr'>traria,</span> <span class='ocrx_word' id='word_1_76' title='bbox 273 1311 436 1398; x_wconf 91' lang='lat' dir='ltr'>simulque</span> <span class='ocrx_word' id='word_1_77' title='bbox 456 1313 662 1401; x_wconf 82' lang='lat' dir='ltr'>interrogare</span> <span class='ocrx_word' id='word_1_78' title='bbox 680 1310 822 1390; x_wconf 74' lang='lat' dir='ltr'>multis5,</span> <span class='ocrx_word' id='word_1_79' title='bbox 848 1309 875 1373; x_wconf 94' lang='lat' dir='ltr'>si</span> <span class='ocrx_word' id='word_1_80' title='bbox 892 1312 995 1374; x_wconf 88' lang='lat' dir='ltr'>virtus</span> <span class='ocrx_word' id='word_1_81' title='bbox 1015 1309 1104 1374; x_wconf 91' lang='lat' dir='ltr'>beati</span> <span class='ocrx_word' id='word_1_82' title='bbox 1124 1311 1259 1374; x_wconf 90' lang='lat' dir='ltr'>Martini</span> 
     </span>
    </p>

    <p class='ocr_par' dir='ltr' id='par_1_4' title="bbox 98 1410 1389 1904">
     <span class='ocr_line' id='line_1_11' title="bbox 98 1410 1325 1498; baseline 0.003 -26"><span class='ocrx_word' id='word_1_83' title='bbox 98 1434 123 1472; x_wconf 79' lang='grc' dir='ltr'>ιο</span> <span class='ocrx_word' id='word_1_84' title='bbox 138 1410 179 1474; x_wconf 90' lang='lat' dir='ltr'>de</span> <span class='ocrx_word' id='word_1_85' title='bbox 199 1424 355 1498; x_wconf 88' lang='lat' dir='ltr'>presente</span> <span class='ocrx_word' id='word_1_86' title='bbox 373 1413 667 1476; x_wconf 77' lang='lat' dir='ltr'>manefestaretur⁶</span> <span class='ocrx_word' id='word_1_87' title='bbox 685 1411 719 1475; x_wconf 91' lang='lat' dir='ltr'>in</span> <span class='ocrx_word' id='word_1_88' title='bbox 740 1413 919 1498; x_wconf 80' lang='lat' dir='ltr'>perfides73</span> <span class='ocrx_word' id='word_1_89' title='bbox 945 1423 1001 1476; x_wconf 87' lang='lat' dir='ltr'>aut</span> <span class='ocrx_word' id='word_1_90' title='bbox 1021 1423 1128 1492; x_wconf 87' lang='lat' dir='ltr'>certe,</span> <span class='ocrx_word' id='word_1_91' title='bbox 1151 1413 1179 1476; x_wconf 92' lang='lat' dir='ltr'>si</span> <span class='ocrx_word' id='word_1_92' title='bbox 1199 1412 1258 1476; x_wconf 90' lang='lat' dir='ltr'>ali·</span> <span class='ocrx_word' id='word_1_93' title='bbox 1323 1455 1325 1459; x_wconf 92' lang='lat'><em>-</em></span> 
     </span>
     <span class='ocr_line' id='line_1_12' title="bbox 138 1512 1260 1601; baseline 0.001 -25"><span class='ocrx_word' id='word_1_94' title='bbox 138 1513 213 1601; x_wconf 91' lang='lat' dir='ltr'>quis</span> <span class='ocrx_word' id='word_1_95' title='bbox 229 1513 382 1577; x_wconf 88' lang='lat' dir='ltr'>iniuriam</span> <span class='ocrx_word' id='word_1_96' title='bbox 403 1514 437 1577; x_wconf 90' lang='lat' dir='ltr'>in</span> <span class='ocrx_word' id='word_1_97' title='bbox 457 1538 530 1577; x_wconf 91' lang='lat' dir='ltr'>eum</span> <span class='ocrx_word' id='word_1_98' title='bbox 554 1515 766 1600; x_wconf 86' lang='lat' dir='ltr'>sperantibus</span> <span class='ocrx_word' id='word_1_99' title='bbox 784 1514 968 1591; x_wconf 90' lang='lat' dir='ltr'>intulisset,</span> <span class='ocrx_word' id='word_1_100' title='bbox 991 1512 1055 1599; x_wconf 88' lang='lat' dir='ltr'>ipsi</span> <span class='ocrx_word' id='word_1_101' title='bbox 1080 1515 1260 1601; x_wconf 79' lang='lat' dir='ltr'>protenus8</span> 
     </span>
     <span class='ocr_line' id='line_1_13' title="bbox 137 1613 1389 1705; baseline 0.002 -27"><span class='ocrx_word' id='word_1_102' title='bbox 137 1613 224 1678; x_wconf 88' lang='lat' dir='ltr'>ulcio</span> <span class='ocrx_word' id='word_1_103' title='bbox 238 1628 445 1702; x_wconf 87' lang='lat' dir='ltr'>sequeretur.</span> <span class='ocrx_word' id='word_1_104' title='bbox 466 1616 571 1705; x_wconf 80' lang='lat' dir='ltr'>igitur</span> <span class='ocrx_word' id='word_1_105' title='bbox 588 1616 795 1705; x_wconf 79' lang='lat' dir='ltr'>postpositiS,</span> <span class='ocrx_word' id='word_1_106' title='bbox 813 1629 847 1680; x_wconf 92' lang='lat' dir='ltr'>ut</span> <span class='ocrx_word' id='word_1_107' title='bbox 860 1615 1044 1693; x_wconf 65' lang='lat' dir='ltr'>dixemusl,</span> <span class='ocrx_word' id='word_1_108' title='bbox 1060 1614 1152 1694; x_wconf 86' lang='lat' dir='ltr'>viris,</span> <span class='ocrx_word' id='word_1_109' title='bbox 1176 1617 1233 1703; x_wconf 91' lang='lat' dir='ltr'>qui</span> <span class='ocrx_word' id='word_1_110' title='bbox 1245 1615 1259 1699; x_wconf 79' lang='lat' dir='ltr'>ll</span> <span class='ocrx_word' id='word_1_111' title='bbox 1270 1633 1323 1682; x_wconf 77' lang='lat' dir='ltr'>col.</span> <span class='ocrx_word' id='word_1_112' title='bbox 1336 1635 1389 1681; x_wconf 83' lang='lat'>353.</span> 
     </span>
     <span class='ocr_line' id='line_1_14' title="bbox 137 1714 1255 1804; baseline 0.004 -27"><span class='ocrx_word' id='word_1_113' title='bbox 137 1714 179 1778; x_wconf 91' lang='lat' dir='ltr'>ad</span> <span class='ocrx_word' id='word_1_114' title='bbox 200 1715 357 1780; x_wconf 89' lang='lat' dir='ltr'>solacium</span> <span class='ocrx_word' id='word_1_115' title='bbox 377 1716 448 1781; x_wconf 91' lang='lat' dir='ltr'>eius</span> <span class='ocrx_word' id='word_1_116' title='bbox 467 1719 579 1781; x_wconf 91' lang='lat' dir='ltr'>venire</span> <span class='ocrx_word' id='word_1_117' title='bbox 600 1718 801 1795; x_wconf 88' lang='lat' dir='ltr'>debuerant,</span> <span class='ocrx_word' id='word_1_118' title='bbox 820 1716 892 1804; x_wconf 87' lang='lat' dir='ltr'>ipse</span> <span class='ocrx_word' id='word_1_119' title='bbox 912 1715 1083 1780; x_wconf 84' lang='lat' dir='ltr'>basilicam</span> <span class='ocrx_word' id='word_1_120' title='bbox 1104 1715 1255 1781; x_wconf 87' lang='lat' dir='ltr'>accessit.</span> 
     </span>
     <span class='ocr_line' id='line_1_15' title="bbox 139 1814 1257 1904; baseline 0.004 -26"><span class='ocrx_word' id='word_1_121' title='bbox 139 1814 325 1904; x_wconf 84' lang='lat' dir='ltr'>Statimque</span> <span class='ocrx_word' id='word_1_122' title='bbox 354 1816 479 1882; x_wconf 88' lang='lat' dir='ltr'>infelici</span> <span class='ocrx_word' id='word_1_123' title='bbox 508 1820 664 1884; x_wconf 88' lang='lat' dir='ltr'>Eberulfo</span> <span class='ocrx_word' id='word_1_124' title='bbox 695 1820 916 1897; x_wconf 90' lang='lat' dir='ltr'>coniunctus,</span> <span class='ocrx_word' id='word_1_125' title='bbox 948 1829 1153 1882; x_wconf 85' lang='lat' dir='ltr'>sacramenta</span> <span class='ocrx_word' id='word_1_126' title='bbox 1179 1818 1257 1882; x_wconf 90' lang='lat' dir='ltr'>dare</span> 
     </span>
    </p>

    <p class='ocr_par' dir='ltr' id='par_1_5' title="bbox 97 1917 1413 2415">
     <span class='ocr_line' id='line_1_16' title="bbox 97 1917 1413 2008; baseline 0.002 -28"><span class='ocrx_word' id='word_1_127' title='bbox 97 1941 123 1982; x_wconf 78' lang='lat'>15</span> <span class='ocrx_word' id='word_1_128' title='bbox 137 1919 249 2005; x_wconf 91' lang='lat' dir='ltr'>coepit</span> <span class='ocrx_word' id='word_1_129' title='bbox 263 1917 276 2007; x_wconf 73' lang='grc' dir='ltr'><em>Η</em></span> <span class='ocrx_word' id='word_1_130' title='bbox 295 1942 332 1982; x_wconf 88' lang='lat' dir='ltr'>ac</span> <span class='ocrx_word' id='word_1_131' title='bbox 353 1920 461 1984; x_wconf 88' lang='lat' dir='ltr'>iurare</span> <span class='ocrx_word' id='word_1_132' title='bbox 482 1945 541 2008; x_wconf 91' lang='lat' dir='ltr'>per</span> <span class='ocrx_word' id='word_1_133' title='bbox 563 1923 673 1986; x_wconf 87' lang='lat' dir='ltr'>omnia</span> <span class='ocrx_word' id='word_1_134' title='bbox 696 1934 906 1985; x_wconf 88' lang='lat' dir='ltr'>sacrosancta</span> <span class='ocrx_word' id='word_1_135' title='bbox 924 1920 975 1985; x_wconf 92' lang='lat' dir='ltr'>vel</span> <span class='ocrx_word' id='word_1_136' title='bbox 999 1921 1153 1984; x_wconf 90' lang='lat' dir='ltr'>virtutem</span> <span class='ocrx_word' id='word_1_137' title='bbox 1169 1919 1258 1983; x_wconf 87' lang='lat' dir='ltr'>beati</span> <span class='ocrx_word' id='word_1_138' title='bbox 1269 1940 1323 1992; x_wconf 70' lang='lat' dir='ltr'>For,</span> <span class='ocrx_word' id='word_1_139' title='bbox 1333 1941 1379 1988; x_wconf 78' lang='lat'>200</span> <span class='ocrx_word' id='word_1_140' title='bbox 1387 1948 1413 1987; x_wconf 60' lang='grc' dir='ltr'>νο</span> 
     </span>
     <span class='ocr_line' id='line_1_17' title="bbox 136 2020 1256 2111; baseline -0.002 -25"><span class='ocrx_word' id='word_1_141' title='bbox 136 2035 311 2111; x_wconf 77' lang='lat' dir='ltr'>presentes</span> <span class='ocrx_word' id='word_1_142' title='bbox 322 2023 348 2067; x_wconf 86' lang='lat'>¹⁰</span> <span class='ocrx_word' id='word_1_143' title='bbox 363 2023 541 2102; x_wconf 89' lang='lat' dir='ltr'>antestitis,</span> <span class='ocrx_word' id='word_1_144' title='bbox 562 2023 689 2088; x_wconf 92' lang='lat' dir='ltr'>nullum</span> <span class='ocrx_word' id='word_1_145' title='bbox 705 2025 739 2088; x_wconf 90' lang='lat' dir='ltr'>in</span> <span class='ocrx_word' id='word_1_146' title='bbox 758 2023 865 2088; x_wconf 89' lang='lat' dir='ltr'>causis</span> <span class='ocrx_word' id='word_1_147' title='bbox 884 2023 955 2086; x_wconf 88' lang='lat' dir='ltr'>eius</span> <span class='ocrx_word' id='word_1_148' title='bbox 973 2023 1043 2086; x_wconf 90' lang='lat' dir='ltr'>sore</span> <span class='ocrx_word' id='word_1_149' title='bbox 1059 2020 1256 2101; x_wconf 85' lang='lat' dir='ltr'>fideliorem,</span> 
     </span>
     <span class='ocr_line' id='line_1_18' title="bbox 136 2124 1257 2214; baseline -0.001 -26"><span class='ocrx_word' id='word_1_150' title='bbox 136 2126 194 2211; x_wconf 90' lang='lat' dir='ltr'>qui</span> <span class='ocrx_word' id='word_1_151' title='bbox 205 2125 250 2188; x_wconf 89' lang='lat' dir='ltr'>ita</span> <span class='ocrx_word' id='word_1_152' title='bbox 262 2148 335 2189; x_wconf 89' lang='lat' dir='ltr'>eum</span> <span class='ocrx_word' id='word_1_153' title='bbox 349 2148 427 2214; x_wconf 85' lang='lat' dir='ltr'>rege</span> <span class='ocrx_word' id='word_1_154' title='bbox 439 2149 554 2188; x_wconf 87' lang='lat' dir='ltr'>causas</span> <span class='ocrx_word' id='word_1_155' title='bbox 570 2125 641 2189; x_wconf 91' lang='lat' dir='ltr'>eius</span> <span class='ocrx_word' id='word_1_156' title='bbox 654 2138 768 2213; x_wconf 91' lang='lat' dir='ltr'>posset</span> <span class='ocrx_word' id='word_1_157' title='bbox 782 2148 947 2189; x_wconf 86' lang='lat' dir='ltr'>exercere.</span> <span class='ocrx_word' id='word_1_158' title='bbox 966 2126 1035 2188; x_wconf 88' lang='lat' dir='ltr'>Hoc</span> <span class='ocrx_word' id='word_1_159' title='bbox 1046 2124 1135 2187; x_wconf 90' lang='lat' dir='ltr'>enim</span> <span class='ocrx_word' id='word_1_160' title='bbox 1148 2124 1257 2210; x_wconf 87' lang='lat' dir='ltr'>aput¹¹</span> 
     </span>
     <span class='ocr_line' id='line_1_19' title="bbox 137 2225 1259 2313; baseline -0.001 -24"><span class='ocrx_word' id='word_1_161' title='bbox 137 2250 172 2289; x_wconf 91' lang='lat' dir='ltr'>sc</span> <span class='ocrx_word' id='word_1_162' title='bbox 190 2225 366 2290; x_wconf 90' lang='lat' dir='ltr'>consilium</span> <span class='ocrx_word' id='word_1_163' title='bbox 384 2227 546 2290; x_wconf 88' lang='lat' dir='ltr'>habuerat</span> <span class='ocrx_word' id='word_1_164' title='bbox 566 2225 809 2290; x_wconf 63' lang='lat' dir='ltr'>miserimusll:</span> <span class='ocrx_word' id='word_1_165' title='bbox 835 2252 851 2289; x_wconf 87' lang='lat'>«</span> <span class='ocrx_word' id='word_1_166' title='bbox 872 2227 945 2291; x_wconf 90' lang='lat' dir='ltr'>Nisi</span> <span class='ocrx_word' id='word_1_167' title='bbox 965 2249 1039 2289; x_wconf 90' lang='lat' dir='ltr'>eum</span> <span class='ocrx_word' id='word_1_168' title='bbox 1057 2225 1259 2313; x_wconf 88' lang='lat' dir='ltr'>periurando</span> 
     </span>
     <span class='ocr_line' id='line_1_20' title="bbox 137 2325 1258 2415; baseline -0.001 -24"><span class='ocrx_word' id='word_1_169' title='bbox 137 2327 314 2415; x_wconf 89' lang='lat' dir='ltr'>decepero,</span> <span class='ocrx_word' id='word_1_170' title='bbox 333 2352 401 2391; x_wconf 92' lang='lat' dir='ltr'>non</span> <span class='ocrx_word' id='word_1_171' title='bbox 418 2328 557 2392; x_wconf 86' lang='lat' dir='ltr'>vineam.</span> <span class='ocrx_word' id='word_1_172' title='bbox 581 2354 597 2389; x_wconf 78' lang='lat' dir='ltr'>u</span> <span class='ocrx_word' id='word_1_173' title='bbox 617 2330 739 2394; x_wconf 91' lang='lat' dir='ltr'>Verum</span> <span class='ocrx_word' id='word_1_174' title='bbox 755 2327 811 2392; x_wconf 92' lang='lat' dir='ltr'>ubi</span> <span class='ocrx_word' id='word_1_175' title='bbox 829 2327 951 2391; x_wconf 82' lang='lat' dir='ltr'>videt¹3</span> <span class='ocrx_word' id='word_1_176' title='bbox 966 2325 1156 2406; x_wconf 85' lang='lat' dir='ltr'>Eberulsus,</span> <span class='ocrx_word' id='word_1_177' title='bbox 1170 2327 1258 2412; x_wconf 91' lang='lat' dir='ltr'>quod</span> 
     </span>
    </p>

    <p class='ocr_par' dir='ltr' id='par_1_6' title="bbox 92 2426 1260 2924">
     <span class='ocr_line' id='line_1_21' title="bbox 92 2426 1258 2517; baseline 0.001 -26"><span class='ocrx_word' id='word_1_178' title='bbox 92 2452 121 2490; x_wconf 83' lang='lat' dir='ltr'>ao</span> <span class='ocrx_word' id='word_1_179' title='bbox 137 2427 166 2492; x_wconf 93' lang='lat' dir='ltr'>ei</span> <span class='ocrx_word' id='word_1_180' title='bbox 184 2429 263 2492; x_wconf 91' lang='lat' dir='ltr'>talia</span> <span class='ocrx_word' id='word_1_181' title='bbox 281 2453 355 2492; x_wconf 86' lang='lat' dir='ltr'>cunr</span> <span class='ocrx_word' id='word_1_182' title='bbox 376 2441 581 2493; x_wconf 86' lang='lat' dir='ltr'>sacramento</span> <span class='ocrx_word' id='word_1_183' title='bbox 600 2428 634 2492; x_wconf 90' lang='lat' dir='ltr'>in</span> <span class='ocrx_word' id='word_1_184' title='bbox 654 2431 760 2517; x_wconf 87' lang='lat' dir='ltr'>ipsam</span> <span class='ocrx_word' id='word_1_185' title='bbox 781 2426 952 2492; x_wconf 90' lang='lat' dir='ltr'>basilicam</span> <span class='ocrx_word' id='word_1_186' title='bbox 974 2451 1011 2491; x_wconf 90' lang='lat' dir='ltr'>ac</span> <span class='ocrx_word' id='word_1_187' title='bbox 1031 2451 1091 2515; x_wconf 91' lang='lat' dir='ltr'>per</span> <span class='ocrx_word' id='word_1_188' title='bbox 1110 2428 1258 2514; x_wconf 86' lang='lat' dir='ltr'>porticus</span> 
     </span>
     <span class='ocr_line' id='line_1_22' title="bbox 135 2528 1260 2624; baseline 0 -31"><span class='ocrx_word' id='word_1_189' title='bbox 135 2530 187 2594; x_wconf 85' lang='lat' dir='ltr'>vel</span> <span class='ocrx_word' id='word_1_190' title='bbox 204 2529 335 2620; x_wconf 85' lang='lat' dir='ltr'>singula</span> <span class='ocrx_word' id='word_1_191' title='bbox 350 2531 421 2595; x_wconf 88' lang='lat' dir='ltr'>loca</span> <span class='ocrx_word' id='word_1_192' title='bbox 438 2531 512 2594; x_wconf 87' lang='lat' dir='ltr'>atrii</span> <span class='ocrx_word' id='word_1_193' title='bbox 529 2532 718 2624; x_wconf 87' lang='lat' dir='ltr'>veneranda</span> <span class='ocrx_word' id='word_1_194' title='bbox 731 2529 945 2619; x_wconf 90' lang='lat' dir='ltr'>promitterit‚</span> <span class='ocrx_word' id='word_1_195' title='bbox 961 2528 1143 2593; x_wconf 73' lang='lat' dir='ltr'>crededit¹4</span> <span class='ocrx_word' id='word_1_196' title='bbox 1159 2528 1260 2593; x_wconf 90' lang='lat' dir='ltr'>miser</span> 
     </span>
     <span class='ocr_line' id='line_1_23' title="bbox 136 2629 1259 2720; baseline 0 -24"><span class='ocrx_word' id='word_1_197' title='bbox 136 2631 261 2696; x_wconf 91' lang='lat' dir='ltr'>homini</span> <span class='ocrx_word' id='word_1_198' title='bbox 278 2632 474 2720; x_wconf 84' lang='lat' dir='ltr'>periuranti.</span> <span class='ocrx_word' id='word_1_199' title='bbox 495 2632 557 2696; x_wconf 91' lang='lat' dir='ltr'>Die</span> <span class='ocrx_word' id='word_1_200' title='bbox 575 2645 684 2697; x_wconf 90' lang='lat' dir='ltr'>autem</span> <span class='ocrx_word' id='word_1_201' title='bbox 704 2634 821 2710; x_wconf 88' lang='lat' dir='ltr'>altero,</span> <span class='ocrx_word' id='word_1_202' title='bbox 843 2655 916 2695; x_wconf 92' lang='lat' dir='ltr'>eum</span> <span class='ocrx_word' id='word_1_203' title='bbox 934 2655 994 2695; x_wconf 91' lang='lat' dir='ltr'>nos</span> <span class='ocrx_word' id='word_1_204' title='bbox 1011 2629 1049 2697; x_wconf 90' lang='lat' dir='ltr'>in</span> <span class='ocrx_word' id='word_1_205' title='bbox 1069 2630 1147 2695; x_wconf 91' lang='lat' dir='ltr'>villa</span> <span class='ocrx_word' id='word_1_206' title='bbox 1165 2633 1259 2719; x_wconf 91' lang='lat' dir='ltr'>quasi</span> 
     </span>
     <span class='ocr_line' id='line_1_24' title="bbox 136 2731 1260 2823; baseline 0.002 -29"><span class='ocrx_word' id='word_1_207' title='bbox 136 2733 225 2796; x_wconf 87' lang='lat' dir='ltr'>milia</span> <span class='ocrx_word' id='word_1_208' title='bbox 236 2733 373 2823; x_wconf 84' lang='lat' dir='ltr'>triginta</span> <span class='ocrx_word' id='word_1_209' title='bbox 384 2735 424 2798; x_wconf 85' lang='lat' dir='ltr'>ab</span> <span class='ocrx_word' id='word_1_210' title='bbox 440 2736 520 2798; x_wconf 94' lang='lat' dir='ltr'>urbe</span> <span class='ocrx_word' id='word_1_211' title='bbox 530 2758 819 2811; x_wconf 86' lang='lat' dir='ltr'>commoraremur,</span> <span class='ocrx_word' id='word_1_212' title='bbox 841 2735 881 2797; x_wconf 93' lang='lat' dir='ltr'>ad</span> <span class='ocrx_word' id='word_1_213' title='bbox 893 2731 1078 2796; x_wconf 88' lang='lat' dir='ltr'>convivium</span> <span class='ocrx_word' id='word_1_214' title='bbox 1090 2732 1226 2796; x_wconf 89' lang='lat' dir='ltr'>basilica</span> <span class='ocrx_word' id='word_1_215' title='bbox 1235 2733 1260 2777; x_wconf 84' lang='lat'>15</span> 
     </span>
     <span class='ocr_line' id='line_1_25' title="bbox 136 2833 1259 2924; baseline 0.004 -29"><span class='ocrx_word' id='word_1_216' title='bbox 136 2845 258 2912; x_wconf 78' lang='lat' dir='ltr'>sancte.</span> <span class='ocrx_word' id='word_1_217' title='bbox 274 2857 347 2898; x_wconf 90' lang='lat' dir='ltr'>cum</span> <span class='ocrx_word' id='word_1_218' title='bbox 368 2835 485 2898; x_wconf 90' lang='lat' dir='ltr'>eodem</span> <span class='ocrx_word' id='word_1_219' title='bbox 505 2834 556 2898; x_wconf 92' lang='lat' dir='ltr'>vel</span> <span class='ocrx_word' id='word_1_220' title='bbox 577 2835 714 2924; x_wconf 89' lang='lat' dir='ltr'>reliquis</span> <span class='ocrx_word' id='word_1_221' title='bbox 735 2835 861 2899; x_wconf 91' lang='lat' dir='ltr'>civibus</span> <span class='ocrx_word' id='word_1_222' title='bbox 886 2846 936 2898; x_wconf 94' lang='lat' dir='ltr'>est</span> <span class='ocrx_word' id='word_1_223' title='bbox 957 2833 1123 2912; x_wconf 76' lang='lat' dir='ltr'>&#39;adscituS,</span> <span class='ocrx_word' id='word_1_224' title='bbox 1145 2833 1259 2922; x_wconf 90' lang='lat' dir='ltr'>ibique</span> 
     </span>
    </p>

    <p class='ocr_par' dir='ltr' id='par_1_7' title="bbox 90 2934 1259 3430">
     <span class='ocr_line' id='line_1_26' title="bbox 90 2934 1258 3026; baseline 0.001 -26"><span class='ocrx_word' id='word_1_225' title='bbox 90 2958 210 3000; x_wconf 74' lang='lat' dir='ltr'>ascum</span> <span class='ocrx_word' id='word_1_226' title='bbox 235 2935 393 3000; x_wconf 91' lang='lat' dir='ltr'>Claudius</span> <span class='ocrx_word' id='word_1_227' title='bbox 420 2936 532 3026; x_wconf 84' lang='lat' dir='ltr'>gladio</span> <span class='ocrx_word' id='word_1_228' title='bbox 564 2937 662 3000; x_wconf 90' lang='lat' dir='ltr'>scrire</span> <span class='ocrx_word' id='word_1_229' title='bbox 693 2935 815 3013; x_wconf 88' lang='lat' dir='ltr'>voluit,</span> <span class='ocrx_word' id='word_1_230' title='bbox 846 2935 872 3000; x_wconf 93' lang='lat' dir='ltr'>si</span> <span class='ocrx_word' id='word_1_231' title='bbox 899 2934 994 3022; x_wconf 91' lang='lat' dir='ltr'>pueri</span> <span class='ocrx_word' id='word_1_232' title='bbox 1024 2935 1095 2999; x_wconf 92' lang='lat' dir='ltr'>eius</span> <span class='ocrx_word' id='word_1_233' title='bbox 1126 2936 1258 3025; x_wconf 84' lang='lat' dir='ltr'>longius</span> 
     </span>
     <span class='ocr_line' id='line_1_27' title="bbox 135 3037 1259 3125; baseline 0.001 -24"><span class='ocrx_word' id='word_1_234' title='bbox 135 3038 385 3101; x_wconf 70' lang='lat' dir='ltr'>atstetissentffi.</span> <span class='ocrx_word' id='word_1_235' title='bbox 408 3040 641 3104; x_wconf 87' lang='lat' dir='ltr'>Verumtamen</span> <span class='ocrx_word' id='word_1_236' title='bbox 661 3061 839 3125; x_wconf 84' lang='lat' dir='ltr'>numquam</span> <span class='ocrx_word' id='word_1_237' title='bbox 854 3038 917 3117; x_wconf 79' lang='lat' dir='ltr'>hee</span> <span class='ocrx_word' id='word_1_238' title='bbox 936 3037 1125 3115; x_wconf 89' lang='lat' dir='ltr'>Eberulsus,</span> <span class='ocrx_word' id='word_1_239' title='bbox 1140 3051 1174 3101; x_wconf 89' lang='lat' dir='ltr'>ut</span> <span class='ocrx_word' id='word_1_240' title='bbox 1189 3052 1259 3102; x_wconf 89' lang='lat' dir='ltr'>erat</span> 
     </span>
     <span class='ocr_line' id='line_1_28' title="bbox 134 3137 1258 3227; baseline 0.003 -26"><span class='ocrx_word' id='word_1_241' title='bbox 134 3162 250 3217; x_wconf 82' lang='lat' dir='ltr'>vanus,</span> <span class='ocrx_word' id='word_1_242' title='bbox 268 3138 420 3203; x_wconf 88' lang='lat' dir='ltr'>advertit.</span> <span class='ocrx_word' id='word_1_243' title='bbox 442 3141 620 3227; x_wconf 88' lang='lat' dir='ltr'>Postquam</span> <span class='ocrx_word' id='word_1_244' title='bbox 631 3152 740 3204; x_wconf 89' lang='lat' dir='ltr'>autem</span> <span class='ocrx_word' id='word_1_245' title='bbox 756 3140 940 3204; x_wconf 89' lang='lat' dir='ltr'>convivium</span> <span class='ocrx_word' id='word_1_246' title='bbox 959 3151 1009 3202; x_wconf 92' lang='lat' dir='ltr'>est</span> <span class='ocrx_word' id='word_1_247' title='bbox 1025 3137 1167 3219; x_wconf 83' lang='lat' dir='ltr'>linitum,</span> <span class='ocrx_word' id='word_1_248' title='bbox 1183 3139 1258 3227; x_wconf 91' lang='lat' dir='ltr'>ipse</span> 
     </span>
     <span class='ocr_line' id='line_1_29' title="bbox 135 3238 1257 3328; baseline 0.004 -26"><span class='ocrx_word' id='word_1_249' title='bbox 135 3240 292 3303; x_wconf 87' lang='lat' dir='ltr'>simulac</span> <span class='ocrx_word' id='word_1_250' title='bbox 318 3240 475 3304; x_wconf 89' lang='lat' dir='ltr'>Claudius</span> <span class='ocrx_word' id='word_1_251' title='bbox 502 3265 562 3328; x_wconf 89' lang='lat' dir='ltr'>per</span> <span class='ocrx_word' id='word_1_252' title='bbox 585 3242 704 3305; x_wconf 91' lang='lat' dir='ltr'>atrium</span> <span class='ocrx_word' id='word_1_253' title='bbox 732 3241 848 3304; x_wconf 91' lang='lat' dir='ltr'>domus</span> <span class='ocrx_word' id='word_1_254' title='bbox 879 3238 1018 3317; x_wconf 75' lang='lat' dir='ltr'>basilice</span> <span class='ocrx_word' id='word_1_255' title='bbox 1044 3239 1257 3306; x_wconf 92' lang='lat' dir='ltr'>deambulare</span> 
     </span>
     <span class='ocr_line' id='line_1_30' title="bbox 133 3341 1257 3430; baseline 0.004 -25"><span class='ocrx_word' id='word_1_256' title='bbox 133 3354 329 3430; x_wconf 90' lang='lat' dir='ltr'>coeperunt,</span> <span class='ocrx_word' id='word_1_257' title='bbox 363 3341 427 3406; x_wconf 93' lang='lat' dir='ltr'>sibi</span> <span class='ocrx_word' id='word_1_258' title='bbox 462 3342 602 3407; x_wconf 87' lang='lat' dir='ltr'>invicem</span> <span class='ocrx_word' id='word_1_259' title='bbox 639 3343 737 3407; x_wconf 90' lang='lat' dir='ltr'>fidem</span> <span class='ocrx_word' id='word_1_260' title='bbox 773 3367 810 3407; x_wconf 84' lang='lat' dir='ltr'>ac</span> <span class='ocrx_word' id='word_1_261' title='bbox 843 3343 1014 3406; x_wconf 90' lang='lat' dir='ltr'>caritatem</span> <span class='ocrx_word' id='word_1_262' title='bbox 1042 3346 1257 3409; x_wconf 87' lang='lat' dir='ltr'>sacramentis</span> 
     </span>
    </p>

    <p class='ocr_par' dir='ltr' id='par_1_8' title="bbox 89 3443 1383 3738">
     <span class='ocr_line' id='line_1_31' title="bbox 89 3443 1256 3533; baseline 0.003 -27"><span class='ocrx_word' id='word_1_263' title='bbox 89 3469 117 3507; x_wconf 81' lang='lat' dir='ltr'>eo</span> <span class='ocrx_word' id='word_1_264' title='bbox 133 3443 435 3507; x_wconf 88' lang='lat' dir='ltr'>intercurrentibus</span> <span class='ocrx_word' id='word_1_265' title='bbox 454 3446 685 3532; x_wconf 90' lang='lat' dir='ltr'>promitentes.</span> <span class='ocrx_word' id='word_1_266' title='bbox 706 3447 764 3508; x_wconf 88' lang='lat' dir='ltr'>His</span> <span class='ocrx_word' id='word_1_267' title='bbox 782 3445 826 3508; x_wconf 87' lang='lat' dir='ltr'>ita</span> <span class='ocrx_word' id='word_1_268' title='bbox 844 3444 1071 3533; x_wconf 89' lang='lat' dir='ltr'>loquentibus,</span> <span class='ocrx_word' id='word_1_269' title='bbox 1094 3445 1139 3510; x_wconf 90' lang='lat' dir='ltr'>ait</span> <span class='ocrx_word' id='word_1_270' title='bbox 1159 3447 1256 3511; x_wconf 87' lang='lat' dir='ltr'>Clau-</span> 
     </span>
     <span class='ocr_line' id='line_1_32' title="bbox 134 3545 1255 3613; baseline 0.004 -6"><span class='ocrx_word' id='word_1_271' title='bbox 134 3545 208 3608; x_wconf 90' lang='lat' dir='ltr'>dius</span> <span class='ocrx_word' id='word_1_272' title='bbox 229 3545 386 3608; x_wconf 82' lang='lat' dir='ltr'>Eberulso</span> <span class='ocrx_word' id='word_1_273' title='bbox 408 3571 414 3608; x_wconf 93' lang='lat'>:</span> <span class='ocrx_word' id='word_1_274' title='bbox 438 3547 624 3611; x_wconf 88' lang='lat' dir='ltr'>«Delectat</span> <span class='ocrx_word' id='word_1_275' title='bbox 643 3547 752 3611; x_wconf 89' lang='lat' dir='ltr'>animo</span> <span class='ocrx_word' id='word_1_276' title='bbox 772 3548 839 3610; x_wconf 84' lang='lat' dir='ltr'>at1⁷</span> <span class='ocrx_word' id='word_1_277' title='bbox 855 3560 1011 3612; x_wconf 86' lang='lat' dir='ltr'>metatum</span> <span class='ocrx_word' id='word_1_278' title='bbox 1031 3561 1123 3613; x_wconf 91' lang='lat' dir='ltr'>tuum</span> <span class='ocrx_word' id='word_1_279' title='bbox 1140 3572 1255 3612; x_wconf 89' lang='lat' dir='ltr'>occur-</span> 
     </span>
     <span class='ocr_line' id='line_1_33' title="bbox 134 3646 1383 3738; baseline 0.005 -30"><span class='ocrx_word' id='word_1_280' title='bbox 134 3670 207 3709; x_wconf 88' lang='lat' dir='ltr'>rere</span> <span class='ocrx_word' id='word_1_281' title='bbox 227 3659 362 3732; x_wconf 90' lang='lat' dir='ltr'>potum,</span> <span class='ocrx_word' id='word_1_282' title='bbox 387 3646 413 3709; x_wconf 91' lang='lat' dir='ltr'>si</span> <span class='ocrx_word' id='word_1_283' title='bbox 431 3649 504 3712; x_wconf 89' lang='lat' dir='ltr'>vina</span> <span class='ocrx_word' id='word_1_284' title='bbox 528 3647 765 3738; x_wconf 69' lang='lat' dir='ltr'>odorallmentis</span> <span class='ocrx_word' id='word_1_285' title='bbox 787 3663 898 3714; x_wconf 88' lang='lat' dir='ltr'>esseut</span> <span class='ocrx_word' id='word_1_286' title='bbox 917 3649 1073 3729; x_wconf 88' lang='lat' dir='ltr'>inmixta,</span> <span class='ocrx_word' id='word_1_287' title='bbox 1092 3664 1146 3714; x_wconf 89' lang='lat' dir='ltr'>aut</span> <span class='ocrx_word' id='word_1_288' title='bbox 1166 3663 1255 3714; x_wconf 87' lang='lat' dir='ltr'>certe</span> <span class='ocrx_word' id='word_1_289' title='bbox 1266 3674 1320 3721; x_wconf 84' lang='lat' dir='ltr'>Fol.</span> <span class='ocrx_word' id='word_1_290' title='bbox 1330 3675 1383 3723; x_wconf 78' lang='lat'>201.</span> 
     </span>
    </p>
   </div>
   <div class='ocr_carea' id='block_1_3' title="bbox 130 3903 1254 4263">
    <p class='ocr_par' dir='ltr' id='par_1_9' title="bbox 130 3903 1254 4263">
     <span class='ocr_line' id='line_1_34' title="bbox 165 3903 1254 3956; baseline 0.007 -9"><span class='ocrx_word' id='word_1_291' title='bbox 165 3903 184 3947; x_wconf 90' lang='lat' dir='ltr'>l.</span> <span class='ocrx_word' id='word_1_292' title='bbox 208 3904 278 3948; x_wconf 65' lang='lat' dir='ltr'>sorr.</span> <span class='ocrx_word' id='word_1_293' title='bbox 294 3903 444 3950; x_wconf 82' lang='lat' dir='ltr'>trucidaret.</span> <span class='ocrx_word' id='word_1_294' title='bbox 458 3933 489 3939; x_wconf 87' lang='lat'>—</span> <span class='ocrx_word' id='word_1_295' title='bbox 501 3907 522 3950; x_wconf 78' lang='lat'>2.</span> <span class='ocrx_word' id='word_1_296' title='bbox 539 3908 609 3952; x_wconf 81' lang='lat' dir='ltr'>Corr.</span> <span class='ocrx_word' id='word_1_297' title='bbox 627 3912 763 3954; x_wconf 74' lang='lat' dir='ltr'>nocentes.</span> <span class='ocrx_word' id='word_1_298' title='bbox 785 3935 815 3942; x_wconf 90' lang='lat'><em>-</em></span> <span class='ocrx_word' id='word_1_299' title='bbox 829 3911 851 3955; x_wconf 89' lang='grc'>3.</span> <span class='ocrx_word' id='word_1_300' title='bbox 872 3911 943 3956; x_wconf 85' lang='lat' dir='ltr'>Corr.</span> <span class='ocrx_word' id='word_1_301' title='bbox 964 3909 997 3954; x_wconf 87' lang='lat' dir='ltr'>ad</span> <span class='ocrx_word' id='word_1_302' title='bbox 1014 3909 1207 3956; x_wconf 86' lang='lat' dir='ltr'>custodiendas.</span> <span class='ocrx_word' id='word_1_303' title='bbox 1223 3939 1254 3945; x_wconf 94' lang='lat'>-</span> 
     </span>
     <span class='ocr_line' id='line_1_35' title="bbox 131 3965 1252 4032; baseline 0.01 -24"><span class='ocrx_word' id='word_1_304' title='bbox 131 3965 153 4009; x_wconf 81' lang='lat' dir='ltr'>l.</span> <span class='ocrx_word' id='word_1_305' title='bbox 169 3968 241 4011; x_wconf 80' lang='lat' dir='ltr'>(¹0rr.</span> <span class='ocrx_word' id='word_1_306' title='bbox 251 3965 337 4025; x_wconf 86' lang='lat' dir='ltr'>possit</span> <span class='ocrx_word' id='word_1_307' title='bbox 349 3965 505 4027; x_wconf 84' lang='lat' dir='ltr'>obprimere.</span> <span class='ocrx_word' id='word_1_308' title='bbox 523 3995 552 4002; x_wconf 93' lang='lat'><em>-</em></span> <span class='ocrx_word' id='word_1_309' title='bbox 562 3972 584 4014; x_wconf 86' lang='lat'>5.</span> <span class='ocrx_word' id='word_1_310' title='bbox 600 3970 670 4015; x_wconf 78' lang='lat' dir='ltr'>Gerr.</span> <span class='ocrx_word' id='word_1_311' title='bbox 683 3969 788 4015; x_wconf 79' lang='lat' dir='ltr'>multos</span> <span class='ocrx_word' id='word_1_312' title='bbox 802 3998 833 4005; x_wconf 88' lang='lat'><em>-</em></span> <span class='ocrx_word' id='word_1_313' title='bbox 845 3972 867 4016; x_wconf 85' lang='lat'>6.</span> <span class='ocrx_word' id='word_1_314' title='bbox 883 3974 952 4017; x_wconf 78' lang='lat' dir='ltr'>corr.</span> <span class='ocrx_word' id='word_1_315' title='bbox 969 3971 1085 4032; x_wconf 82' lang='lat' dir='ltr'>presenti</span> <span class='ocrx_word' id='word_1_316' title='bbox 1099 3971 1252 4019; x_wconf 82' lang='lat' dir='ltr'>manifestu-</span> 
     </span>
     <span class='ocr_line' id='line_1_36' title="bbox 131 4028 1250 4094; baseline 0.008 -24"><span class='ocrx_word' id='word_1_317' title='bbox 131 4032 211 4072; x_wconf 84' lang='lat' dir='ltr'>retur.</span> <span class='ocrx_word' id='word_1_318' title='bbox 226 4053 257 4061; x_wconf 91' lang='lat'><em>-</em></span> <span class='ocrx_word' id='word_1_319' title='bbox 272 4028 293 4073; x_wconf 88' lang='lat'>7.</span> <span class='ocrx_word' id='word_1_320' title='bbox 314 4029 384 4073; x_wconf 74' lang='lat' dir='ltr'>sorr.</span> <span class='ocrx_word' id='word_1_321' title='bbox 400 4029 515 4089; x_wconf 85' lang='lat' dir='ltr'>perfidis.</span> <span class='ocrx_word' id='word_1_322' title='bbox 530 4057 561 4066; x_wconf 83' lang='grc'><strong>-</strong></span> <span class='ocrx_word' id='word_1_323' title='bbox 576 4034 597 4077; x_wconf 84' lang='grc'>8,</span> <span class='ocrx_word' id='word_1_324' title='bbox 616 4033 685 4078; x_wconf 81' lang='lat' dir='ltr'>Corr.</span> <span class='ocrx_word' id='word_1_325' title='bbox 704 4031 793 4093; x_wconf 88' lang='lat' dir='ltr'>ipsum</span> <span class='ocrx_word' id='word_1_326' title='bbox 807 4033 936 4094; x_wconf 84' lang='lat' dir='ltr'>protinus.</span> <span class='ocrx_word' id='word_1_327' title='bbox 953 4062 983 4069; x_wconf 92' lang='lat'><em>-</em></span> <span class='ocrx_word' id='word_1_328' title='bbox 998 4037 1021 4079; x_wconf 83' lang='grc'>9.</span> <span class='ocrx_word' id='word_1_329' title='bbox 1043 4037 1112 4081; x_wconf 87' lang='lat' dir='ltr'>Corr.</span> <span class='ocrx_word' id='word_1_330' title='bbox 1130 4033 1250 4080; x_wconf 77' lang='lat' dir='ltr'>diximus.</span> 
     </span>
     <span class='ocr_line' id='line_1_37' title="bbox 130 4089 1249 4150; baseline 0.006 -17"><span class='ocrx_word' id='word_1_331' title='bbox 130 4114 160 4121; x_wconf 92' lang='lat'><strong>—</strong></span> <span class='ocrx_word' id='word_1_332' title='bbox 174 4089 211 4134; x_wconf 79' lang='lat' dir='ltr'>lo.</span> <span class='ocrx_word' id='word_1_333' title='bbox 227 4090 298 4134; x_wconf 88' lang='lat' dir='ltr'>Corr.</span> <span class='ocrx_word' id='word_1_334' title='bbox 312 4090 451 4150; x_wconf 76' lang='lat' dir='ltr'>presentis.</span> <span class='ocrx_word' id='word_1_335' title='bbox 462 4092 538 4138; x_wconf 86' lang='lat' dir='ltr'>—ll.</span> <span class='ocrx_word' id='word_1_336' title='bbox 554 4095 624 4140; x_wconf 80' lang='lat' dir='ltr'>corr.</span> <span class='ocrx_word' id='word_1_337' title='bbox 637 4109 652 4139; x_wconf 85' lang='lat' dir='ltr'>a</span> <span class='ocrx_word' id='word_1_338' title='bbox 673 4092 715 4139; x_wconf 92' lang='lat' dir='ltr'>ud.</span> <span class='ocrx_word' id='word_1_339' title='bbox 727 4121 757 4128; x_wconf 89' lang='lat'>—</span> <span class='ocrx_word' id='word_1_340' title='bbox 771 4095 807 4140; x_wconf 74' lang='lat'>12.</span> <span class='ocrx_word' id='word_1_341' title='bbox 821 4097 891 4141; x_wconf 79' lang='lat' dir='ltr'>Corr.</span> <span class='ocrx_word' id='word_1_342' title='bbox 906 4095 1077 4142; x_wconf 84' lang='lat' dir='ltr'>miserrimus.</span> <span class='ocrx_word' id='word_1_343' title='bbox 1089 4123 1119 4131; x_wconf 90' lang='lat'>-</span> <span class='ocrx_word' id='word_1_344' title='bbox 1129 4095 1165 4141; x_wconf 85' lang='lat'>13.</span> <span class='ocrx_word' id='word_1_345' title='bbox 1180 4097 1249 4141; x_wconf 84' lang='lat' dir='ltr'>Corr.</span> 
     </span>
     <span class='ocr_line' id='line_1_38' title="bbox 130 4109 1249 4221; baseline 0.01 -28"><span class='ocrx_word' id='word_1_346' title='bbox 130 4149 254 4221; x_wconf 39' lang='grc' dir='ltr'>νίἀίῖΓ</span> <span class='ocrx_word' id='word_1_347' title='bbox 270 4150 307 4195; x_wconf 74' lang='grc'>14.</span> <span class='ocrx_word' id='word_1_348' title='bbox 325 4152 396 4197; x_wconf 71' lang='lat' dir='ltr'>sorr.</span> <span class='ocrx_word' id='word_1_349' title='bbox 413 4153 584 4213; x_wconf 80' lang='lat' dir='ltr'>promitteret,</span> <span class='ocrx_word' id='word_1_350' title='bbox 603 4109 721 4202; x_wconf 84' lang='lat' dir='ltr'>eredidit.</span> <span class='ocrx_word' id='word_1_351' title='bbox 738 4183 768 4190; x_wconf 98' lang='lat'>—</span> <span class='ocrx_word' id='word_1_352' title='bbox 785 4157 821 4205; x_wconf 86' lang='lat'>15.</span> <span class='ocrx_word' id='word_1_353' title='bbox 843 4159 912 4204; x_wconf 87' lang='lat' dir='ltr'>Corr.</span> <span class='ocrx_word' id='word_1_354' title='bbox 932 4157 1055 4206; x_wconf 79' lang='lat' dir='ltr'>basiliere.</span> <span class='ocrx_word' id='word_1_355' title='bbox 1075 4185 1106 4194; x_wconf 89' lang='lat'>-</span> <span class='ocrx_word' id='word_1_356' title='bbox 1123 4157 1157 4206; x_wconf 87' lang='lat'>16.</span> <span class='ocrx_word' id='word_1_357' title='bbox 1179 4158 1249 4204; x_wconf 87' lang='lat' dir='ltr'>Cerr.</span> 
     </span>
     <span class='ocr_line' id='line_1_39' title="bbox 130 4210 539 4263; baseline 0.015 -6"><span class='ocrx_word' id='word_1_358' title='bbox 130 4210 304 4258; x_wconf 79' lang='lat' dir='ltr'>adstitissent.</span> <span class='ocrx_word' id='word_1_359' title='bbox 316 4238 347 4247; x_wconf 92' lang='lat'><em>-</em></span> <span class='ocrx_word' id='word_1_360' title='bbox 360 4213 396 4260; x_wconf 87' lang='lat'>17.</span> <span class='ocrx_word' id='word_1_361' title='bbox 413 4216 482 4261; x_wconf 87' lang='lat' dir='ltr'>Corr.</span> <span class='ocrx_word' id='word_1_362' title='bbox 498 4216 539 4263; x_wconf 83' lang='lat' dir='ltr'>ad.</span> 
     </span>
    </p>
   </div>
   <div class='ocr_carea' id='block_1_4' title="bbox 0 0 1482 5010">
    <p class='ocr_par' dir='ltr' id='par_1_10' title="bbox 0 0 1482 5010">
     <span class='ocr_line' id='line_1_40' title="bbox 0 0 1482 5010; baseline 0 1"><span class='ocrx_word' id='word_1_363' title='bbox 0 0 1482 5010; x_wconf 95' lang='lat' dir='ltr'> </span> 
     </span>
    </p>
   </div>
  </div>
 </body>
</html>
