2954 5010
272 374 318 421 tto
554 372 713 421 onmosn
729 372 939 422 moxzxsts
953 373 1107 423 zetscoet

271 508 361 555 seint,
386 493 526 577 Insuper
550 507 582 553 et
603 514 677 552 rum
700 488 945 579 Gundegysilus
958 493 1113 581 pontifex
1131 515 1207 555 eum
1224 496 1296 555 suis
1309 517 1375 580 pro·

272 594 463 659 cintialibus
480 618 546 680 pro
570 598 643 680 ipsa
670 618 776 656 causa
803 599 1037 677 commonitus,
1059 618 1125 682 per
1147 599 1376 684 preceptionem

271 720 386 786 regum
405 698 556 759 Pectavis
569 700 768 759 accessisent
785 712 818 760 et
834 697 882 759 acl
895 697 1068 761 audientia
1085 720 1146 761 eas
1162 698 1210 761 ad
1223 714 1377 762 monaste·

271 805 359 863 rium
378 814 610 873 convocarent,
631 799 776 886 dispecta
796 805 1069 878 communicione‚
1088 804 1168 888 ipsis
1186 805 1377 863 occurrenti-

272 901 333 963 bus
346 902 395 964 ad
410 901 500 964 beoti
516 901 630 963 Elarii
640 902 840 989 confessoris
859 901 1046 980 basilicam,
1061 926 1127 991 quo
1141 907 1233 990 ipsae
1247 925 1378 965 commo·
1402 943 1410 982 t

271 1003 451 1075 rabuntur,
476 1004 682 1079 accedentes,
712 1019 749 1066 ut
771 1005 919 1067 condecit
939 1020 1116 1091 pastorum
1146 1004 1376 1082 solicitudiue¹,

270 1108 348 1170 dum
366 1122 665 1183 commonerentur,
682 1107 778 1194 sacta
801 1107 973 1183 seditione,
993 1106 1167 1195 firstebus²
1193 1122 1263 1170 tom
1278 1110 1379 1194 ponti·

269 1208 351 1293 fices
371 1232 472 1298 qrcam
492 1212 661 1270 ministros
679 1208 887 1297 adfecirent³
905 1225 936 1272 et
958 1213 1047 1271 intra
1070 1208 1211 1272 basilico
1227 1210 1379 1298 sciderunt

268 1315 433 1400 sanguine
457 1311 645 1373 levitarum.
672 1309 721 1372 De
740 1332 782 1372 er
803 1314 948 1373 iussione
969 1310 1165 1374 domnorum
1184 1315 1377 1398 principum,

269 1437 344 1477 cum
367 1418 417 1477 eir
437 1411 635 1477 venerabilis
660 1412 860 1475 Teutltorius
876 1412 1043 1499 presbiter
1064 1417 1098 1476 in
1120 1437 1226 1476 causa
1247 1414 1379 1476 directus
1393 1453 1410 1491 1,

265 1517 382 1604 suerit,
411 1532 442 1579 et
471 1529 633 1578 statutum
656 1515 788 1604 fnisset,
818 1516 953 1603 (licando
980 1515 1134 1578 iuditium
1163 1515 1255 1600 fierit
1266 1514 1290 1593 ⁴,
1322 1538 1377 1578 non

269 1634 477 1706 expectatum
508 1633 665 1703 tempore,
693 1622 932 1679 monasterium
959 1618 1217 1697 seditiosissime,
1241 1620 1377 1680 accensis

269 1724 301 1782 in
318 1735 410 1783 curte
425 1724 530 1807 cupis,
548 1718 690 1782 vectibus
705 1742 746 1780 ae
760 1718 934 1782 securibus
947 1720 1130 1809 confractis
1141 1723 1295 1806 postitiis,
1313 1723 1375 1807 gene

269 1846 421 1896 accenso,
439 1826 529 1884 intra
546 1836 639 1907 septa
660 1825 751 1883 tmesis
768 1836 799 1883 et
816 1821 998 1884 vulneratis
1014 1821 1244 1886 monachabus
1259 1826 1293 1885 in
1309 1825 1374 1908 ipsis

129 1941 186 1991 Col.
198 1944 253 1991 ses.
269 1929 441 2000 oraturiis,
457 1924 599 2009 spoliato
614 1928 828 1999 ricorcasterio,
845 1924 1010 1986 denudate
1029 1939 1061 1987 et
1075 1921 1090 2012 ΙΙ
1105 1925 1243 1987 discissa
1259 1923 1372 2010 capillis
1386 1962 1402 2000 ,ὅ

268 2026 454 2103 abbatissa,
472 2030 623 2114 graviter
641 2025 688 2087 ad
710 2025 888 2087 ridiculum
913 2026 1014 2088 ducto
1034 2041 1065 2089 et
1089 2041 1201 2089 tracto
1214 2049 1278 2113 per
1297 2047 1370 2089 eom·

262 2134 336 2216 pita
352 2145 382 2192 et
392 2133 426 2191 in
446 2128 516 2191 loco
534 2144 666 2191 retrusa
686 2151 697 2189 .·
717 2131 780 2189 etsi
792 2151 857 2190 non
873 2128 998 2215 legata,
1017 2151 1076 2191 nee
1094 2127 1213 2191 libero.
1230 2128 1367 2215 Superve-

267 2236 375 2295 niente
389 2232 440 2294 die
454 2230 579 2317 pusclie
594 2231 716 2319 fiestum
728 2252 793 2315 per
807 2227 967 2306 seculum,
988 2230 1145 2318 offerente
1154 2229 1308 2318 pontifice
1314 2251 1365 2316 pro

267 2335 508 2420 condempnata
519 2336 678 2418 pretium,
692 2346 727 2394 ut
737 2346 927 2418 expectaret
939 2332 990 2396 eei
997 2331 1209 2420 baptismum,
1221 2355 1277 2396 nee
1288 2329 1362 2394 mdlu

265 2441 421 2499 suasione
442 2436 502 2499 boe
520 2438 740 2523 inpaetrasset
758 2457 820 2496 eoa
836 2432 1033 2519 subplicium,
1053 2449 1155 2523 atque
1173 2432 1392 2522 respondente„

267 2538 473 2616 Clrrmlielde,
493 2535 507 2625 Η
523 2536 661 2624 eoquod
674 2536 740 2598 tale
752 2536 889 2624 fiieimns
899 2557 958 2597 nec
968 2539 1105 2598 scissent
1120 2542 1203 2617 ne[c]
1217 2537 1357 2607 iusserint,

266 2640 376 2702 culltuc
402 2639 621 2702 Clu'odielde5
644 2654 813 2701 asserente
837 2638 884 2700 ad
915 2641 1132 2726 intersignum
1157 2661 1268 2714 suum,
1291 2656 1357 2697 neo

265 2746 335 2803 sctis
354 2742 610 2825 interficerem,
633 2740 799 2803 obtentum
820 2744 883 2819 sit,·
906 2740 991 2803 unde
1011 2755 1138 2803 eertum
1158 2755 1205 2804 est
1223 2752 1353 2809 tractore,

266 2845 347 2933 quid
369 2867 411 2906 en·
437 2844 497 2907 boe
523 2844 626 2906 elatio·
651 2842 800 2930 intelligi,
828 2841 918 2931 quod
942 2842 1080 2905 additur
1103 2842 1299 2916 erudelitate,
1321 2833 1356 2897 od

264 2946 454 3034 sepulerum
479 2945 572 3008 beate
597 2944 814 3031 lladegundis
832 2945 1014 3032 fugientem
1037 2968 1169 3009 sereum
1194 2937 1384 3013 monosterii„

264 3052 319 3111 sut
337 3049 539 3125 occiderent,
562 3062 592 3110 et
612 3046 735 3110 scelere
756 3045 938 3109 eriseente6
958 3046 1042 3110 nibil
1056 3047 1222 3134 paetendo
1241 3059 1352 3108 sanate·

264 3156 352 3229 rint,
370 3151 429 3213 sed
444 3172 505 3236 per
526 3171 560 3211 se
577 3163 654 3236 post
674 3151 837 3211 intrantes
860 3151 1099 3211 monesterium
1123 3159 1283 3235 eoeperent
1291 3142 1309 3219 ⁷,
1329 3150 1352 3199 tl

264 3253 311 3315 ad
328 3252 523 3315 clorttnorum
544 3254 733 3327 iussionem,
755 3265 789 3313 ut
804 3251 973 3313 seditiosos
988 3249 1063 3312 illos
1078 3253 1112 3313 in
1123 3249 1252 3338 publico
1264 3259 1351 3330 repre·

263 3369 445 3431 retentarent,
470 3353 615 3416 nolentes·
637 3350 874 3442 oqui'eseer·e⁸,·
900 3366 931 3415 et
952 3366 1070 3414 contro
1090 3374 1205 3440 regum
1224 3354 1350 3438 precepta

264 3460 370 3543 treugis
383 3478 483 3520 urma-
498 3469 645 3519 tenerent
658 3469 688 3518 et
702 3477 737 3517 se
749 3457 880 3542 sagittis
896 3452 946 3517 eel
960 3453 1087 3517 lanceis
1103 3469 1219 3518 contro
1233 3449 1349 3514 comitem
1363 3478 1382 3519 ,ο

263 3572 294 3619 et
321 3557 448 3645 plebem
476 3556 689 3643 iruliguautee
713 3570 894 3643 ecegerent.
921 3555 1007 3617 Hine
1033 3554 1158 3619 dinuo⁹
1187 3569 1299 3643 egresse
1316 3537 1352 3656 el

263 3660 469 3723 uttdieutium
487 3657 669 3745 publicam,
692 3657 875 3721 eutrabunt
897 3679 1029 3720 ceueem
1052 3672 1205 3721 sonetum
1225 3657 1349 3719 seeretis·

261 3766 405 3843 sinubat}
419 3760 544 3823 occulte
555 3775 585 3823 ct
599 3760 646 3823 ud
654 3764 826 3837 im'uriam,
840 3758 1064 3836 indicenter·¹⁰,
1079 3759 1127 3822 od
1137 3759 1272 3847 eulpam,
1285 3740 1351 3839 qitod

259 3878 373 3952 pomeri
397 3866 568 3926 restituere
588 3877 662 3941 acte
680 3876 758 3924 sunt
775 3865 808 3923 in
824 3860 990 3924 eclesio¹¹.
1016 3859 1145 3946 Quibus
1164 3875 1209 3924 tot
1227 3844 1348 3943 capitoli·

269 3998 439 4013 ..fl——
444 3975 1348 4009 -—-—-—-.——---d⁶

295 4074 314 4119 1.
331 4075 400 4119 t'orr.
416 4068 601 4117 mdlicitudine.
614 4096 644 4105 —
656 4068 678 4114 2.
694 4070 764 4115 l'oer.
778 4067 902 4115 fustibus.
913 4093 941 4102 —
952 4068 975 4114 3.
989 4069 1060 4115 Corr.
1074 4055 1346 4129 adficerent-blm·

261 4136 343 4182 beent.
378 4164 382 4169 -
401 4138 423 4180 τι,
441 4134 511 4179 t'urr.
526 4130 705 4179 Clmodihilde.
716 4134 779 4178 -6,
796 4132 867 4179 Corr.
881 4134 1022 4177 crescente.
1036 4156 1068 4165 -
1079 4132 1102 4178 7.
1118 4132 1186 4178 Corr.
1198 4120 1348 4188 coeperint-‘-

260 4200 372 4308 :Ulixeam
383 4194 560 4259 iniquiescccc.
577 4220 607 4231 -
618 4197 641 4240 o.
658 4194 729 4240 t'orc.
743 4192 838 4240 denuo.
856 4218 884 4229 -
900 4192 937 4241 10.
952 4193 1024 4241 Corr.
1037 4190 1194 4241 indecenter.
1207 4184 1277 4233 -11·
1292 4178 1347 4225 CW·
