2954 5010
296 380 326 427 16
582 377 738 426 nunnoni!
757 376 965 425 Turonensis
982 370 1132 425 nelscorl

297 507 347 559 est
362 494 489 559 delixa:
512 493 653 558 celerius
669 507 760 558 tuum
776 492 924 558 libravit¹
946 493 1053 558 defixa
1071 495 1256 558 cerebrum.
1276 521 1294 555 »
1313 494 1357 559 Et
1372 492 1420 558 sie

297 618 371 660 cum
397 594 609 663 scandalum²
629 595 865 660 discesserunt.
887 597 979 660 Tunc
1000 618 1059 660 rex
1077 595 1131 659 his
1151 595 1262 660 verbis
1285 596 1420 660 succin-

297 698 384 776 sus3‚
405 697 502 761 iussit
521 719 621 784 super
640 696 749 784 capita
768 697 921 761 euncium
941 696 1048 785 proici
1069 718 1250 783 aequorum
1269 706 1420 761 stercora

297 797 509 887 putrefactal,
531 796 672 875 astulas,
697 796 820 885 palias⁵
839 821 876 863 ac
898 797 1009 862 fenum
1026 797 1197 887 putridine
1218 796 1420 864 dissolutum

296 902 472 990 ipsumque
496 899 634 963 fetidum
661 898 752 963 urbis
779 898 896 964 lutum.
922 900 1051 981 Quibus
1071 900 1113 963 de
1134 901 1234 964 rebus
1258 899 1442 965 maculatis

297 1003 453 1093 graviter,
482 1026 550 1066 non
574 1001 645 1065 sine
665 1001 816 1067 inmensa
836 1000 956 1066 iniuria
977 1000 1085 1089 adque
1112 1001 1315 1067 contumelia
1332 1002 1420 1067 abie-

297 1117 385 1168 runt.

342 1316 410 1380 XV.
429 1313 638 1380 Resedente6
656 1335 734 1376 vero
754 1313 779 1376 F
782 1310 975 1402 redegunde
996 1310 1111 1400 regina
1125 1311 1159 1375 in
1178 1310 1419 1391 ecclesiaPari·

298 1415 397 1494 siaen,
410 1415 603 1482 Leunardns
614 1413 829 1491 domesticus,
850 1412 906 1500 qui
919 1426 999 1476 tunc
1014 1413 1055 1476 ab
1071 1414 1153 1478 urbe
1168 1412 1314 1478 Tholosa
1325 1413 1419 1479 adve-

297 1532 403 1598 nerat,
418 1519 590 1608 ingressus
606 1516 646 1579 ad
667 1538 751 1594 eam,
773 1538 888 1578 causas
911 1515 1109 1579 contumelio
1124 1514 1331 1604 iniuriasque
1351 1514 1419 1596 filie
1434 1540 1457 1579 n

138 1619 367 1685 Fot.193v⁶eius
386 1643 519 1684 narrare
540 1617 662 1704 coepit,
676 1616 804 1696 dicens,
820 1617 896 1704 quia
920 1643 926 1678 :
953 1642 970 1678 n
990 1620 1082 1680 luxta
1097 1616 1273 1704 imperium
1293 1616 1306 1704 ΙΙ
1326 1630 1421 1682 tuum

297 1719 421 1786 accessi
436 1744 511 1785 eum
530 1719 646 1808 regina
669 1716 839 1807 Rigunthe
857 1741 894 1782 ac
909 1716 1003 1782 vide⁷
1022 1717 1243 1782 humilitatem
1264 1717 1353 1798 eius,
1368 1719 1419 1783 vel

297 1823 440 1911 qualiter
454 1820 618 1907 expoliata
631 1831 681 1882 est
700 1842 717 1880 a
731 1817 895 1882 thesauris
911 1832 944 1883 et
958 1820 1112 1883 omnibus
1124 1820 1222 1883 rebus
1236 1849 1243 1902 ;
1262 1843 1325 1909 ego
1343 1844 1420 1885 vero

297 1945 357 2008 per
381 1921 491 2010 sugam
515 1918 684 2007 dilapsus8
704 1917 779 1982 veni
798 1918 973 1984 nonciare⁹
997 1918 1131 2000 domine
1150 1945 1221 2000 mee
1242 1943 1306 2008 que
1325 1934 1420 2011 gesta

298 2035 386 2086 sunt.
409 2049 425 2084 »
445 2025 513 2086 llec
526 2021 581 2085 illa
600 2021 737 2085 audiens
752 2021 862 2085 furore
879 2036 1058 2102 commota,
1082 2023 1179 2087 iussit
1198 2046 1271 2087 eum
1292 2024 1327 2086 in
1348 2024 1421 2112 ipsa
1434 2048 1456 2089 n

298 2123 416 2203 eclesia
434 2123 621 2209 expoliare,
641 2122 868 2211 nudatumque
890 2123 1096 2188 vestimentis
1120 2148 1156 2188 ac
1179 2125 1309 2203 balteo,
1330 2125 1421 2212 quod

298 2249 338 2288 ex
352 2248 488 2289 munere
508 2222 716 2313 Chilpirici¹⁰
733 2223 821 2313 regis
846 2225 1008 2305 abebat¹¹,
1026 2225 1200 2290 discedere
1219 2251 1236 2289 a
1255 2249 1313 2290 sua
1327 2226 1422 2291 iubet

297 2325 482 2415 presencia.
509 2329 613 2390 Cocos
635 2349 768 2414 quoque
789 2326 856 2389 sive
877 2328 1040 2413 pistores,
1058 2328 1109 2391 vel
1130 2351 1360 2418 quoscumque
1381 2329 1422 2392 de

297 2430 361 2493 hoc
375 2429 500 2493 itenere
519 2452 691 2516 regressus
703 2426 728 2471 ¹2
742 2450 815 2491 esse
832 2427 1000 2516 cognovit,
1020 2453 1115 2508 cesos
1135 2429 1423 2521 expoliatusque1³

298 2553 335 2594 ac
367 2529 580 2593 demaneatus
614 2528 757 2617 reliquid
769 2528 804 2591 ¹4.
836 2529 1027 2595 Nectarium
1051 2544 1178 2611 autem,
1215 2532 1459 2622 Baudegisiliao

298 2629 448 2719 episcopi
464 2632 616 2710 fratrem,
638 2631 791 2694 nefandis
813 2633 1103 2698 aoeussacionibus
1124 2657 1199 2699 cum
1217 2659 1296 2726 rege
1311 2646 1422 2724 temp·

299 2733 379 2795 tavit
395 2733 549 2812 obruere,
567 2732 739 2813 adserens,
756 2758 829 2798 eum
846 2732 887 2798 de
898 2735 1055 2800 thesauro
1075 2736 1165 2826 regis
1181 2736 1302 2803 mortui
1319 2739 1423 2802 multa

299 2845 462 2920 portasse.
490 2834 548 2897 Set
574 2846 608 2898 et
634 2833 675 2898 de
702 2835 936 2924 prumpariis¹⁵
964 2849 1030 2901 tam
1058 2850 1191 2926 tergora
1219 2860 1317 2925 quam
1347 2839 1423 2903 vina

162 2960 217 3012 col.
231 2960 285 3009 343.
300 2934 403 2998 multa
414 2958 488 2998 eum
500 2930 690 3019 abstulllisse
702 2936 845 3017 dicebat,
859 2951 989 3025 petens,
1004 2951 1039 3002 ut
1053 2938 1182 3003 vinctus
1198 2938 1423 3004 carceralibus

299 3036 447 3100 tenebris
461 3035 663 3100 truderetur.
683 3037 750 3102 Sed
765 3038 934 3125 paciencia
945 3040 1033 3128 regis
1047 3041 1223 3128 fratrisque
1235 3040 1424 3105 ausilium1⁸
1434 3063 1458 3104 as

301 3136 373 3201 lieri
397 3161 464 3202 non
495 3139 659 3227 permisit.
690 3140 794 3204 Multa
821 3140 956 3228 quidem
984 3142 1032 3206 ibi
1060 3166 1143 3206 vana
1167 3141 1327 3224 exiens¹⁷‚
1355 3166 1423 3208 non

301 3241 470 3305 metuebat
482 3243 601 3319 Deum,
616 3240 650 3304 in
666 3240 759 3305 cuius
775 3241 930 3321 eclesiam
945 3244 1081 3330 petebat
1095 3242 1289 3308 ausiliumffi.
1312 3246 1423 3310 Habe·

301 3344 446 3407 battone
463 3342 625 3431 temporis
637 3367 749 3408 secum
759 3343 933 3409 Audonem
953 3344 1110 3422 iudicem,
1128 3347 1186 3434 qui
1201 3345 1230 3410 ei
1248 3348 1424 3435 temporell

167 3465 222 3514 Fal.
234 3467 287 3514 194.
301 3443 389 3534 regis
405 3445 440 3508 in
460 3445 571 3509 multis
590 3459 805 3510 consenserat
823 3445 928 3510 malis.
950 3446 1024 3534 lpse
1036 3447 1131 3510 ‘enim
1147 3470 1222 3511 cum
1242 3448 1423 3513 Mummolo

300 3546 449 3634 prefecto
464 3546 618 3611 multus1⁸
629 3547 671 3611 de
683 3548 833 3628 Francis,
847 3548 904 3636 qui
919 3561 1069 3636 tempore
1085 3548 1325 3639 Childeberthi‘
1334 3551 1423 3640 regis
1435 3572 1457 3613 tt

302 3646 450 3713 seniores
469 3647 605 3738 ingenui
619 3648 764 3728 luerunt,
783 3651 918 3738 publico
934 3650 1061 3714 tributu
1070 3649 1095 3694 19
1110 3651 1254 3738 subegit.
1269 3650 1336 3734 Qui
1347 3664 1423 3739 post

332 3915 354 3962 1.
370 3915 440 3962 Corr.
454 3915 571 3963 librabit.
590 3940 620 3951 -
635 3917 657 3962 2.
675 3916 894 3964 Corr.scauda10.
913 3942 943 3952 -
960 3919 983 3963 3.
1004 3920 1074 3964 Corr.
1092 3932 1241 3964 succensus.
1255 3943 1286 3952 —
1304 3918 1328 3965 4.
1350 3919 1421 3967 Corr.

301 3978 471 4038 putrefactas.
487 4003 517 4013 -·
529 3981 552 4026 5.
564 3979 635 4025 Corr.
652 3979 751 4040 paleas.
768 4003 798 4013 —
816 3980 838 4025 6.
856 3980 926 4025 Corr.
947 3979 1085 4026 residente.
1099 4006 1129 4014 -
1143 3981 1164 4028 7.
1182 3980 1252 4025 Corr.
1272 3979 1335 4026 vidi.
1351 4007 1383 4017 -
1399 3983 1422 4029 8.

302 4040 373 4085 Corr.
387 4038 520 4102 delapsus.
529 4064 559 4074 -
571 4043 594 4086 9.
608 4042 677 4086 Corr.
692 4039 824 4087 nunciare.
838 4041 916 4088 -10.
932 4042 1002 4088 Corr.
1015 4040 1165 4103 Chilperici.
1176 4042 1252 4088 -11.
1263 4043 1335 4088 Corr.
1345 4041 1424 4090 habe·

301 4100 355 4147 bat.
368 4124 398 4135 -—
410 4101 447 4148 12.
463 4103 533 4161 (ζον.
550 4116 693 4163 regressos.
704 4127 734 4138 -·
744 4103 781 4148 13.
797 4103 868 4149 Corr.
882 4102 1085 4166 expoliatosque.
1100 4128 1130 4138 -
1144 4104 1181 4149 11.
1197 4105 1268 4151 Corr.
1282 4102 1423 4152 demanoa-

301 4168 342 4208 tos
362 4162 477 4225 reliquit.
497 4187 527 4198 -—
544 4164 582 4210 15.
602 4165 672 4211 Corr.
694 4163 894 4226 promptuariis.
907 4165 988 4211 -16,
1009 4167 1078 4212 sorr.
1098 4165 1233 4212 auxilium.
1248 4192 1278 4201 -
1290 4166 1329 4212 17.
1350 4167 1423 4215 Corr.

301 4238 412 4288 exegens
423 4224 461 4271 vel
474 4225 588 4287 exigens.
597 4253 627 4262 -
643 4227 681 4273 18.
697 4228 767 4272 Corr.
783 4226 888 4273 multos.
900 4251 922 4263 -
941 4227 978 4273 19.
991 4228 1062 4273 Corr.
1073 4227 1181 4274 tributo.
