2954 5010
270 375 315 421 14¹⁴
548 375 707 425 GREGORII
730 375 939 425 wuoxsxsts
959 375 1109 425 Eriscoet

270 492 542 571 cummendatur,
567 517 706 581 epicorum
726 496 946 583 perticipacio
973 494 1191 573 decoritate,
1216 493 1373 557 eonsilium

269 595 309 657 de
321 608 496 683 potestate,
513 595 709 683 suffragium
728 596 768 658 de
784 599 933 658 oratione
947 599 1140 659 ministrare
1151 600 1273 684 poterit
1285 600 1376 658 inter·

270 711 410 759 ventum.
430 698 474 759 Et
491 701 645 785 quoniam
659 695 736 759 oiim
750 697 888 761 vinculis
903 697 1080 761 laicalibus
1092 697 1258 775 absoluta,
1276 698 1376 761 divina

266 799 456 887 providente
470 804 523 879 [ct]
539 801 721 886 inspirante
735 798 945 876 clernencia¹,
959 800 1006 862 ad
1017 799 1223 888 re[Ie]giones
1236 823 1376 863 normam

269 906 340 967 visa
358 926 429 964 surn
448 901 632 982 voluntarie
650 902 733 964 duce
754 901 883 965 Cbristo
902 901 1082 978 translata,
1102 926 1144 965 ac
1151 926 1259 991 prone
1273 907 1378 965 mentis
1402 927 1411 966 s

268 1005 376 1067 studio
396 1008 544 1090 cogitans
561 1003 688 1066 eciarn¹
707 1004 747 1066 de
766 1003 911 1067 aliarum
924 1004 1147 1093 profhetibus,
1170 1018 1223 1083 ut,
1248 1018 1378 1067 enitente

269 1107 418 1182 Domino,
436 1129 509 1168 rnen
526 1105 690 1168 desiderio
705 1105 912 1194 efficireutur
928 1105 1065 1195 reliquis
1074 1108 1274 1197 profittnra,
1296 1107 1377 1169 insti·

269 1221 377 1271 tuente
397 1207 504 1295 adque
516 1221 749 1270 remunerante
762 1208 1055 1296 precellentissimo
1070 1210 1189 1272 domno
1207 1214 1280 1297 regi
1291 1207 1378 1271 Chlo-

269 1310 391 1388 thoria,
410 1313 645 1373 monasterium
659 1309 849 1396 puellarum
867 1311 1008 1373 Pectave
1027 1312 1107 1375 urbe
1124 1313 1291 1388 constitui,
1310 1334 1378 1373 con·

268 1412 447 1500 diturnque,
476 1425 634 1499 quautam
660 1411 743 1474 mibi
767 1413 999 1498 munificencia
1026 1412 1151 1501 regalis
1175 1427 1223 1476 est
1249 1413 1374 1502 largita,
1392 1437 1408 1475 ιο

265 1515 358 1603 facta
379 1514 567 1590 donatione,
591 1514 704 1577 dotavi
713 1537 725 1585 ,·
749 1519 885 1601 insuper
910 1515 1227 1605 congregacionern³
1242 1540 1305 1603 per
1322 1537 1374 1590 me,

269 1616 399 1679 Christo
412 1629 594 1702 prestante,
619 1615 768 1693 collecta,
786 1616 948 1705 reguiam,
972 1616 1033 1680 sub
1055 1640 1121 1705 qua
1145 1631 1265 1680 sancta
1287 1618 1375 1681 Cesa-

268 1722 319 1780 rin
337 1719 459 1805 deguit,
479 1742 577 1806 qitarn
598 1717 782 1781 sollicitudo
802 1719 890 1781 beati
908 1719 1045 1781 Cessari
1055 1722 1250 1782 antestites‘*
1267 1717 1375 1782 Areia·

268 1820 383 1882 tinsis5
406 1843 448 1881 en
474 1824 680 1883 institucione
702 1834 892 1882 sanctorum
909 1833 1045 1906 patrum
1070 1823 1299 1884 convenienter
1319 1819 1374 1883 coi-

268 1921 363 2009 legit‚
392 1921 530 1984 accivi⁶.
561 1923 642 1998 Cui,
675 1921 955 1985 consencientibus
982 1921 1182 1985 beatissimis
1209 1923 1260 1984 vel
1291 1922 1374 1985 uins¹
1388 1946 1404 1983 15

268 2023 436 2086 civitates¹¹
461 2024 511 2086 vel
535 2025 672 2112 reliquis
693 2023 922 2111 pontificibus,
953 2024 1113 2088 eleccione
1143 2029 1243 2087 etiam
1277 2039 1373 2088 nostre

269 2131 542 2214 congregaciones
555 2126 579 2203 ¹,
615 2126 768 2189 domnam
803 2139 832 2188 et
862 2150 1007 2189 sororem
1039 2148 1145 2189 meam
1173 2125 1341 2214 Agnitent,
1362 2124 1372 2213 ΙΙ

268 2252 368 2317 qrtarn
391 2229 433 2291 ab
464 2237 594 2291 ineunte
616 2240 710 2290 estate
739 2226 809 2290 ioco
834 2227 912 2312 filisa
937 2226 1026 2290 colui
1044 2242 1075 2290 et
1098 2227 1213 2305 edoni,
1242 2229 1372 2292 abbatis·

268 2354 338 2393 sam
352 2330 377 2374 ¹¹¹
392 2333 527 2408 institui,
544 2354 584 2392 ae
600 2354 649 2392 me
662 2343 737 2417 post
752 2331 853 2392 Deum
873 2333 943 2392 eius
961 2330 1169 2393 ordinatione
1185 2331 1372 2419 regulariter

268 2433 493 2495 oboediturum
514 2436 661 2494 conrnisi.
685 2432 821 2520 Cuique,
840 2433 987 2521 furrnam
1000 2431 1023 2475 ¹¹
1042 2431 1258 2519 apostolica-m
1278 2432 1371 2496 obser·
1385 2452 1404 2492 n

269 2549 393 2611 ventes,
415 2548 481 2596 tarn
499 2559 556 2622 ego
574 2558 674 2622 qumn
690 2558 821 2597 sorores
835 2532 874 2596 de
890 2547 1022 2597 terrena
1034 2533 1224 2597 substantia
1239 2560 1300 2625 que
1309 2558 1371 2623 pos·

266 2639 375 2699 sederi
386 2635 589 2713 videbamur,
601 2637 703 2725 factis
713 2640 828 2713 cartis,
843 2636 1048 2698 tradedimus
1061 2634 1097 2713 ¹¹,
1111 2651 1198 2700 meta
1207 2637 1373 2701 Annaniae

126 2754 181 2801 Col.
196 2755 251 2801 473.
268 2752 298 2801 et
317 2735 442 2826 Sasssiri,³
464 2742 497 2799 in
523 2742 722 2801 monasterio
742 2741 848 2826 posite
868 2736 954 2801 nibil
968 2741 1142 2824 proprium
1166 2752 1373 2803 reservantes.

268 2841 324 2903 Set
337 2839 360 2882 ¹³
378 2846 533 2929 qiioniam
552 2844 677 2903 incerta
690 2853 766 2903 sunt
785 2839 929 2902 burnane
943 2839 1168 2904 eondicciones
1178 2839 1204 2885 ¹¹
1223 2853 1377 2904 momenta

268 2943 319 3005 vel
331 2957 491 3031 tempora,
507 2946 625 3031 qttqtpe
638 2942 758 3005 mundo
772 2946 804 3004 in
816 2941 885 3026 fine
897 2954 1061 3016 currente,
1074 2965 1147 3005 cun
1162 2943 1270 3032 aliqui
1279 2946 1383 3031 magis

263 3050 422 3136 propriae
443 3069 542 3133 qinom
564 3045 670 3107 divine
692 3048 828 3110 cumani
845 3043 1011 3106 voluntate
1033 3048 1169 3127 servire,
1195 3046 1266 3109 zelo
1287 3047 1384 3109 dueta

269 3149 340 3225 Dei,
351 3147 437 3211 barte
447 3144 706 3236 suggessionem5
716 3150 955 3233 meepaginam
967 3151 1136 3227 [tn]ere[to]
1145 3145 1171 3190 ¹¹
1181 3148 1394 3236 apostolatus

268 3264 372 3332 vestre
385 3257 418 3314 in
435 3251 565 3314 Christo
582 3272 699 3312 nornen
717 3262 923 3336 superaestes
935 3247 959 3291 ¹⁷
972 3271 1115 3336 porrego
1131 3249 1183 3312 vel
1195 3251 1321 3313 devota.
1339 3249 1387 3312 Et

267 3358 346 3441 qttia
360 3376 495 3439 presens
511 3376 576 3415 non
594 3350 694 3428 valui,
714 3354 833 3438 qitassi
841 3350 865 3394 ¹⁸
883 3355 997 3415 vestris
1007 3350 1186 3437 provoluto
1200 3355 1333 3440 vistigriis
1344 3351 1375 3430 ¹⁹,

267 3455 404 3542 epistole
415 3454 441 3498 '2⁰
465 3457 680 3517 vicariaetate
699 3465 906 3539 prosternor,
926 3454 1106 3515 coniurans
1119 3475 1183 3540 per
1201 3454 1336 3517 Putrem
1351 3453 1422 3515 effi

266 3556 386 3620 Filium
414 3570 442 3619 et
470 3558 627 3643 Spiritum
655 3568 805 3618 sanctum
831 3578 873 3616 ac
897 3555 980 3617 diem
1005 3555 1168 3618 tremendi
1189 3556 1313 3634 iudicii,
1337 3559 1422 3618 sne

207 3678 211 3686 ’
267 3672 511 3742 representatus
529 3682 596 3730 vos,
614 3681 678 3720 non
698 3672 863 3741 tyrannus
878 3657 1053 3746 obpugnet,
1071 3657 1132 3720 sed
1146 3655 1310 3746 legitimus
1325 3669 1422 3720 reos-

1379 3805 1422 3823 A

300 3922 323 3968 1.
338 3924 410 3969 Corr.
419 3920 566 3968 clementis.
576 3946 604 3955 —
615 3921 637 3966 2.
651 3923 718 3967 Cvrr.
733 3919 821 3966 stiam.
833 3945 863 3954 -
873 3921 896 3965 3.
907 3920 977 3965 Corr.
988 3917 1229 3991 congregationem.
1238 3947 1269 3957 —
1278 3921 1300 3967 1.
1313 3921 1392 3967 corr,
1417 3923 1422 3930 '

269 3984 410 4032 antestitis.
425 4010 457 4019 -
469 3988 491 4030 5.
512 3985 583 4029 Corr.
598 3980 766 4029 Arelatensis.
782 4007 808 4016 —
824 3983 845 4028 6.
862 3984 933 4028 Corr.
949 3979 1058 4029 adscivi.
1072 4006 1105 4018 ·-—
1121 3982 1144 4029 7.
1160 3982 1232 4029 Corr.
1252 3982 1335 4030 huius.
1351 3994 1422 4016 -κ

270 4051 291 4094 8.
315 4050 386 4094 Corr.
405 4046 533 4093 civitates.
552 4072 579 4080 -
599 4048 622 4091 9.
642 4048 712 4091 (ἴοι-ν.
736 4042 962 4106 congregacionis.
978 4068 1006 4079 -
1024 4043 1062 4090 10.
1083 4046 1131 4090 Me.
1151 4043 1247 4092 abbsts
1268 4044 1336 4092 abbr.
1350 4057 1422 4079 -κ

270 4110 308 4157 11.
327 4112 399 4156 Corr.
419 4110 637 4156 forman-1⁶2.
659 4111 729 4153 Corr.
748 4106 914 4153 tradidimus.
932 4132 962 4141 --
981 4106 1019 4153 13.
1036 4107 1106 4153 Corr.
1126 4105 1186 4156 sed.
1205 4107 1291 4155 -14.
1311 4108 1422 4154 corf*

270 4172 455 4219 condiccionis.
470 4198 498 4206 —
515 4172 550 4217 15.
565 4174 635 4217 i'orr.
651 4170 844 4232 suggestiones.
858 4195 888 4203 -
902 4170 940 4216 16.
956 4170 1027 4215 Corr.
1041 4167 1166 4231 paginam
1178 4184 1202 4217 s.
1215 4196 1247 4206 -
1258 4170 1294 4217 17.
1311 4171 1422 4216 θονΓ*

271 4242 416 4298 suprestes.
428 4259 456 4270 -
472 4235 508 4281 18.
523 4236 594 4281 Cvrr.
610 4233 692 4295 qussi.
708 4257 737 4266 -
751 4233 789 4278 10.
802 4234 874 4280 Corr.
887 4229 1015 4293 vestigiis.
1027 4255 1059 4266 -
1071 4232 1108 4278 20.
1125 4232 1197 4280 Cvrr.
1211 4231 1326 4295 epistole.
