2954 5010
264 376 309 422 168
547 374 704 423 enuuouu
722 373 931 422 Turonensis
948 372 1098 420 episcopt

265 493 496 579 plasmaverat,
527 492 665 555 dixerit¹
700 518 705 553 :
738 493 776 554 In
801 493 922 553 erulore
952 491 1060 554 cultus
1098 493 1238 554 vesceris
1259 514 1352 576 penem

265 611 370 670 tuiuu,
388 596 489 658 donec
511 597 708 658 revertaris¹
727 598 761 656 in
781 610 919 671 terrem,
946 594 985 656 de
1003 618 1070 682 que
1084 607 1215 656 sumtus
1235 616 1282 671 es,·
1297 598 1352 682 quie

259 698 370 784 pulvis
382 721 427 775 es,
445 713 475 761 ct
490 702 523 759 in
531 698 701 784 pulverem
715 699 901 759 reverteris.
920 694 1008 775 Quid
1022 694 1062 758 ad
1079 694 1162 758 haec
1175 694 1355 780 re[s]ponde-

265 798 357 876 bitis,
377 799 433 886 qui
450 799 729 862 resurrectionem
749 797 891 860 suturam
912 795 1105 884 predicatis,
1127 820 1202 860 cum
1220 795 1252 860 in
1270 796 1355 882 pulve-

126 908 180 957 Fol.
193 909 247 955 317.
265 924 335 964 rem
360 901 571 965 redacturum
588 899 602 989 ll
618 900 788 963 hominem
820 922 996 989 resurgere
1031 897 1170 962 iterius²¹
1193 897 1355 962 Divinitatis
1376 927 1384 964 s

265 1028 330 1068 non
352 1003 549 1092 promittat?
570 1031 585 1064 u
604 1003 665 1068 Cui
686 1027 748 1093 ego
772 1030 778 1065 ε
804 1030 820 1062 «
842 1002 931 1083 Quid
948 1002 989 1065 de
1009 1002 1071 1064 hac
1090 1025 1188 1066 causa
1204 1001 1254 1065 vel
1274 1001 1355 1088 ipsius

263 1107 397 1170 Domini
427 1120 459 1170 et
492 1105 728 1192 Redemptoris
758 1105 864 1169 nostri
902 1103 952 1167 vel
981 1117 1113 1192 patrum
1150 1128 1355 1192 precesserunt

263 1211 362 1273 verba
380 1209 570 1296 loquantur,
589 1207 716 1271 nullum
735 1206 976 1271 catholicorum
997 1205 1127 1270 nescire
1146 1231 1234 1271 reor.
1251 1206 1355 1270 Namin

264 1311 400 1389 Genesi,
425 1336 499 1374 cum
526 1310 631 1397 patris
657 1310 803 1388 obirent,
832 1309 941 1373 aiebat
961 1307 1147 1373 Dominus4
1171 1335 1177 1371 :
1205 1311 1249 1372 Tu
1269 1324 1356 1372 eutem

264 1414 518 1503 congreuulreris
533 1415 580 1476 ed
588 1414 749 1500 populum
768 1429 874 1475 tuum.
891 1412 1046 1499 Sepultus
1058 1416 1092 1474 in
1104 1427 1267 1476 senectute
1280 1412 1354 1474 boue.
1370 1436 1385 1472 a

264 1521 364 1586 Etad
380 1524 461 1586 Ca'r'n
483 1519 618 1597 dicitur,
639 1520 715 1607 quia
738 1520 769 1582 :5
789 1521 855 1583 Ver
875 1523 1049 1607 sanguinis
1059 1520 1183 1608 fratris
1198 1524 1247 1583 tui
1259 1520 1357 1582 clamet

264 1626 311 1687 ed
332 1648 382 1687 me
409 1625 471 1687 due
496 1639 600 1686 terra.
631 1621 727 1686 Unde
752 1621 881 1709 liquido
911 1621 1085 1708 apparrit¹¹
1112 1621 1222 1685 vivere
1257 1621 1356 1684 animas

264 1740 340 1814 post
376 1749 547 1816 egressum
579 1725 731 1813 corporis
776 1739 874 1812 atque
927 1723 1208 1788 resurrectionem
1243 1723 1357 1787 futuram

264 1827 402 1892 intentis
425 1826 571 1890 vultibus
592 1827 809 1914 prestulare7.
835 1825 902 1889 Sed
927 1839 960 1889 et
984 1825 1025 1889 de
1051 1826 1109 1888 lob
1137 1825 1355 1912 scriptumest,

265 1930 341 2017 quia
374 1931 604 1993 resurreetns8
635 1943 684 1992 est
719 1929 751 1992 in
784 1928 1066 1991 resurrectionem
1095 1941 1304 1992 mertuorum.
1328 1926 1386 1987 Etr

265 2032 429 2119 propheta
450 2031 568 2108 David,
592 2031 670 2095 licet
693 2056 733 2094 ex
750 2055 891 2117 persona
911 2029 1058 2107 Domini,
1078 2045 1190 2094 tamen
1214 2049 1357 2094 resurrec-

264 2134 389 2198 tionem
413 2133 609 2220 previdens,
632 2133 699 2197 ait¹¹
720 2159 726 2196 :
751 2134 924 2222 Numquid
942 2137 1001 2221 qui
1022 2133 1144 2196 dormit
1166 2157 1231 2196 nou
1249 2132 1355 2202 editio,

266 2253 301 2300 ut
318 2240 500 2324 resurget!¹
512 2238 582 2299 Hoc
598 2249 659 2312 est,
679 2235 734 2322 qni
755 2234 870 2299 mortis
892 2258 1008 2298 somno
1024 2234 1233 2321 oppremitur
1248 2257 1306 2296 non
1321 2242 1358 2293 est

264 2353 422 2402 venturus
443 2338 477 2402 in
498 2338 797 2401 resurrectionem.
791 2339 804 2381 '¹
824 2340 848 2400 F
852 2351 865 2401 t
890 2337 1017 2413 Esaias,
1047 2337 1138 2424 quod
1157 2337 1198 2401 de
1222 2331 1357 2423 sepulcris

266 2455 486 2505 resurrecturi
502 2454 578 2504 sunt
595 2454 679 2504 mor
682 2465 727 2517 ui
744 2440 852 2503 docet.
873 2438 939 2502 Sed
956 2452 988 2502 et
1003 2438 1103 2503 Lehel
1115 2439 1141 2484 ¹⁰
1153 2440 1356 2527 prophae
1295 2433 1347 2499 ta¹¹
1371 2450 1389 2488 33

266 2567 339 2607 cum
366 2567 441 2606 ossa
473 2542 563 2606 arida
598 2543 729 2606 obtecta
761 2542 885 2606 cute1‘2.
921 2541 1030 2605 nervis
1063 2541 1256 2619 soledeta¹³,
1287 2533 1358 2601 venis

266 2645 411 2723 inflecte,
434 2645 533 2708 llante
550 2645 669 2732 spiritu
691 2645 846 2722 animata,
872 2610 1087 2708 reformatum
1105 2592 1271 2707 hominein
1285 2660 1359 2704 enar·

266 2761 367 2825 raret,
390 2747 659 2811 manifestissime
681 2747 962 2811 resurrectionem
985 2746 1129 2810 suturam
1152 2745 1290 2811 edocuit.
1309 2735 1360 2804 Sed

267 2864 299 2913 et
318 2849 400 2913 illud
422 2849 632 2913 manifestum
659 2849 719 2913 luit
742 2848 999 2913 resurrectionis
1022 2848 1191 2928 inditium,
1213 2838 1363 2938 quodlffdl·

268 2951 315 3016 sei
338 2976 411 3015 ossa
432 2966 590 3042 tangens,
610 2952 791 3015 extinctum
810 2951 949 3015 cadaver
971 2951 1104 3015 virtutis
1125 2951 1244 3016 effectu
1262 2947 1367 3015 revixe·
1380 2950 1399 2990 ¹⁵

126 3065 181 3112 Col·
197 3066 251 3112 198-
268 3055 330 3132 rit;
351 3055 440 3142 quod
453 3053 559 3142 ipsius
574 3054 721 3131 Domini,
741 3053 754 3142 ll
772 3054 829 3141 qui
841 3068 890 3117 est
907 3053 1151 3144 primogenitus
1168 3065 1370 3119 mortuorum,

269 3157 548 3221 resurrectionem
565 3156 797 3240 manifestarit,
815 3157 870 3243 qui
890 3172 995 3221 morte
1011 3170 1151 3220 mortem
1167 3157 1275 3220 intulit
1288 3168 1318 3218 et
1341 3143 1376 3206 33

269 3258 424 3347 sepulcro
447 3260 545 3323 vitam
573 3259 712 3323 mortuis
741 3258 943 3322 reformavit.
969 3285 985 3318 »
1011 3258 1166 3322 adhaec
1190 3258 1379 3347 presbiter²

271 3389 287 3423 «
314 3361 410 3442 Quod
431 3362 594 3425 Dominus
613 3361 646 3424 in
667 3362 843 3448 adsumpto
862 3360 1032 3424 hominem
1057 3376 1206 3425 mortuus
1226 3359 1319 3425 luerit
1354 3364 1383 3407 «13

270 3464 464 3541 resurrexit,
484 3489 550 3527 non
574 3463 738 3554 ambigio;
763 3462 846 3526 illud
866 3478 989 3541 tamen,
1015 3463 1105 3550 quod
1129 3463 1249 3550 reliqui
1272 3459 1402 3526 resur*

270 3580 354 3657 gunt
378 3566 511 3644 mortui,
533 3591 598 3630 non
619 3566 770 3630 admitto.
790 3594 806 3627 n
829 3569 869 3630 Et
891 3591 978 3657 ego:
1004 3569 1080 3630 «Et
1103 3590 1167 3653 que
1192 3565 1252 3629 suit
1268 3572 1384 3628 neces·

271 3668 350 3732 sitas
368 3667 453 3732 Filio
473 3668 535 3732 Dei
553 3668 593 3732 de
615 3669 686 3732 celo
707 3668 917 3745 discendere,
938 3692 1071 3732 carnem
1092 3667 1274 3743 adsumere,
1292 3673 1384 3726 mor-

146 3789 170 3834 ,τ
195 3789 207 3834 7
236 3795 253 3834 ⁰.
269 3785 337 3835 tem
357 3769 461 3849 adire,
481 3769 493 3860 ll
511 3770 639 3835 inferna
656 3784 844 3858 penetrare,
862 3770 925 3834 nisi
942 3784 976 3835 ut
989 3770 1171 3845 hominem,
1189 3793 1279 3858 quem
1293 3759 1377 3853 pla&

272 3930 1366 3965 *Ἥμ-

302 4045 323 4093 1.
345 4048 406 4093 Gen.
426 4046 548 4101 3,19.-
560 4048 583 4094 2.
599 4049 668 4093 Corr
686 4047 876 4095 reverterisa-
889 4049 996 4094 3.Corr
1010 4046 1148 4095 verius-
1121 4047 1255 4093 -..4Geu
1267 4042 1298 4094 25
1310 4035 1364 4080 3-

270 4111 292 4153 5
308 4110 368 4154 Gen.
381 4109 404 4162 1,
419 4108 497 4154 10.-
506 4111 529 4154 6.
544 4112 613 4156 Corr.
628 4115 791 4171 apparet—
763 4111 827 4156 -7
842 4112 912 4156 Corn
927 4110 1123 4171 prestolare-
1091 4111 1157 4155 -.8
1169 4110 1237 4155 Corn
1249 4108 1361 4150 resurrec-

270 4175 353 4216 turus.
365 4173 428 4217 -9
443 4173 483 4216 Ps
496 4172 534 4226 10,
549 4172 665 4218 9-10,
679 4174 748 4218 Corn
764 4171 865 4218 Zechiel
875 4188 938 4244 ,pro
952 4171 1125 4218 Ezechiel—
1137 4171 1174 4218 11.
1187 4170 1224 4231 Cf.
1237 4157 1336 4212 Ε1333

269 4234 320 4279 Get
310 4237 431 4294 t.—sqq
399 4232 481 4279 -12,
498 4207 568 4281 Cdrr.
583 4233 704 4281 eutis—
718 4235 755 4280 13.
769 4236 839 4281 Corr.
852 4209 973 4281 sdlrdata.
