2954 5010
237 377 283 426 116
517 374 675 424 GREGORH
698 372 907 422 TURONENSIS
925 372 1077 422 episcopt

237 509 291 558 tra
308 494 370 557 Dei
391 493 584 556 mundatum
606 506 636 554 et
654 494 883 554 atteteritatem
900 514 1015 580 regum
1036 491 1160 581 aliquis
1177 491 1216 554 de
1234 515 1345 578 supra·

237 600 367 683 scriptis
380 595 623 658 conclicionibus
637 595 725 658 vobis
737 617 849 658 coram
864 596 1001 657 Domino
1015 609 1046 657 et
1060 596 1186 657 sanetis
1201 596 1271 657 eius
1281 617 1345 681 pre-

238 698 387 761 cabiliter
407 699 630 761 conmendatis
649 721 749 785 ogere
766 710 824 759 acet
843 697 883 759 de
898 719 1045 788 persona
1063 712 1125 760 «tat
1138 695 1346 760 substantium

237 801 448 864 minuendum
464 800 613 879 coluerit,
630 812 689 862 orit
703 812 882 863 memorate
900 822 1015 863 sorore
1030 822 1105 862 mea
1119 798 1239 889 Agnite
1252 799 1346 862 abba·

238 901 333 967 tisse¹
352 904 517 966 molestias
532 903 665 991 aliquos
680 903 803 989 inferre
818 904 1008 979 timtanerit,
1028 903 1089 965 Dei
1101 914 1132 964 et
1145 915 1258 965 sancte
1275 901 1346 965 Cru-
1372 923 1381 960 5

238 1011 284 1069 cis
303 1019 334 1068 et
351 1004 442 1068 b'eate
459 1005 591 1069 Mariae
609 1009 761 1068 incurrat
777 1004 945 1082 iudicium,
967 1017 997 1066 et
1018 1004 1135 1068 beatus
1155 1005 1347 1093 confessores

238 1108 409 1172 Helorium
429 1122 460 1171 et
475 1108 672 1185 Mar-tinum,
689 1106 807 1195 quibus
817 1120 895 1195 post
914 1107 1016 1170 Deum
1036 1130 1269 1171 sororesmeas
1284 1119 1346 1168 tra-

239 1211 316 1274 dedi
338 1211 571 1301 defendendas,
595 1215 685 1298 ipsus
708 1210 831 1272 abeant
852 1209 1114 1274 contradictores
1138 1223 1169 1273 et
1190 1211 1346 1297 persequi·

239 1313 358 1377 tores‘2.
390 1314 429 1375 Te
453 1336 593 1401 quiaque,
616 1311 719 1378 beati3
738 1313 900 1402 pontifex,
926 1336 1196 1401 successoresque
1222 1325 1344 1385 vestros,

239 1439 320 1503 qccos
326 1430 489 1503 pretronos
504 1419 537 1477 in
550 1439 653 1476 carisa
668 1416 729 1477 Dei
739 1414 912 1503 diligenter
925 1415 1085 1492 adscisco,
1102 1417 1143 1493 si,
1159 1416 1248 1503 quod
1258 1413 1344 1488 absit,
1362 1432 1379 1470 u

240 1517 410 1581 exteterit'*
433 1522 491 1605 qui
512 1530 627 1579 contra
654 1516 735 1580 bec5
760 1517 888 1606 aliquid
909 1517 1037 1581 mollire
1062 1517 1273 1594 timtaoeriess,
1294 1538 1346 1604 pro

239 1620 459 1708 repellendum
482 1633 512 1682 et
536 1619 737 1709 confutando
764 1621 825 1682 Dei
843 1619 933 1682 hoste
953 1643 1018 1682 non
1031 1623 1149 1708 pigeat
1169 1619 1215 1682 ad
1236 1641 1344 1707 regem,

240 1747 334 1810 qrcem
353 1747 388 1784 eo
405 1737 547 1810 tempore
562 1721 652 1784 locus
669 1727 728 1784 istc
749 1726 941 1809 respexerit,
962 1721 1013 1786 cel
1025 1721 1073 1784 ad
1086 1722 1265 1784 Pectaeam
1281 1722 1346 1782 cici·

241 1838 338 1886 tutem
354 1848 417 1912 pro
432 1849 467 1887 re
483 1824 571 1886 uobis
586 1837 662 1886 urite
678 1825 853 1887 Donu'nnm
869 1825 1133 1887 contruendatom
1143 1820 1346 1911 percrurire7

241 1941 270 1990 et
285 1941 400 1989 contra
421 1927 562 1989 aliorum
586 1929 746 1989 iniustitia
764 1925 993 2016 eeeqm‘coresss
1012 1940 1042 1989 et
1057 1926 1246 2016 defensores
1266 1928 1380 1988 insti-1⁵

241 2028 334 2092 ciac9
352 2028 465 2091 labore
475 2028 572 2091 uitale
584 2028 608 2071 ¹0
623 2030 717 2118 nefas
734 2027 799 2091 ullo
813 2029 908 2092 modo
923 2031 993 2091 suis
1006 2032 1150 2091 ammitti
1160 2027 1347 2116 temporibus

101 2159 156 2208 Fol.
169 2161 223 2210 301.
241 2156 300 2194 rer
312 2136 465 2218 patiatur
482 2130 684 2221 cotflltolicos,
706 2154 746 2192 nc
766 2131 907 2194 convelle
916 2136 1124 2219 permittent,
1146 2131 1236 2219 qctool
1253 2132 1313 2194 Dei
1323 2141 1350 2191 et

240 2258 312 2297 mea
333 2249 362 2297 et
379 2257 492 2322 regum
511 2239 654 2321 ipsorum
675 2233 840 2296 uoluntate
857 2233 1029 2319 firmatum
1049 2246 1108 2297 est.
1131 2233 1242 2296 Simul
1260 2237 1349 2296 etium

235 2342 412 2425 principes,
434 2361 515 2424 qtcos
538 2340 621 2401 Deus
640 2359 703 2421 pro
718 2337 990 2424 gubernationem
1006 2335 1124 2424 populi
1138 2350 1215 2422 post
1232 2336 1350 2399 desces-

238 2464 310 2503 sum
323 2440 343 2482 ¹¹
360 2462 465 2501 mcum
482 2462 651 2526 superesse
660 2443 876 2527 precipe[rit],
890 2443 1025 2502 coniuro
1032 2460 1098 2524 per
1111 2439 1248 2526 Regem,
1266 2442 1350 2500 citius

240 2565 307 2602 rum
318 2540 343 2584 12
360 2554 432 2602 erat
451 2540 535 2625 fines
552 2540 585 2617 ¹3,
610 2555 640 2602 et
660 2543 705 2602 nd
720 2545 814 2603 cicius
828 2555 942 2604 nutum
963 2562 1068 2627 regna
1085 2544 1279 2619 consistunt,
1302 2543 1352 2628 qui

240 2646 286 2705 cis
304 2644 436 2706 detinuit
456 2646 558 2730 ipsum
581 2647 685 2705 cincre
703 2642 754 2707 nel
768 2667 923 2731 regnare,
947 2655 983 2704 ut
999 2646 1251 2720 monasterium,
1274 2642 1355 2731 qrcod

239 2767 280 2807 cn
297 2750 457 2832 permisso
477 2759 506 2808 et
525 2745 642 2808 solatio
663 2745 867 2808 dorm'uorum
881 2757 1008 2833 patries
1028 2743 1080 2807 nel
1096 2748 1248 2808 acierum
1267 2769 1354 2808 cons·

95 2861 151 2910 Col.
168 2865 222 2912 475.
240 2845 427 2910 trncsisse¹4
441 2851 508 2911 risa
526 2871 597 2910 sum
614 2860 644 2909 et
657 2847 828 2910 ordinasse
845 2846 1046 2935 regulariter
1062 2845 1113 2909 vel
1125 2843 1284 2936 dolltasse,
1300 2845 1355 2910 sub

239 2973 300 3011 sua
324 2951 462 3012 tuicione
488 2949 539 3014 cel
557 2973 705 3012 sermone
730 2973 797 3011 una
822 2972 896 3012 cum
922 2952 1010 3036 Agne
1032 2949 1206 3012 abbatissa
1231 2949 1356 3012 iubeant

234 3053 535 3140 gobe1·ua1·e¹⁵,eta
549 3051 639 3115 tudio
655 3074 758 3140 neque
771 3076 844 3139 sepe
857 3053 978 3115 dictam
992 3050 1199 3114 abbatissam
1213 3065 1356 3116 nostram

238 3178 340 3243 neque
354 3154 483 3243 aliquid
492 3155 538 3218 ad
549 3169 694 3221 nostrum
708 3157 944 3217 monasterium
952 3167 1177 3242 pertenentem
1187 3155 1358 3220 molestare

237 3272 296 3320 aut
317 3262 497 3346 inquietare
513 3257 564 3321 rel
579 3257 695 3321 exinde
716 3259 856 3319 imm'nui
868 3270 927 3319 aut
940 3257 1070 3345 aliquid
1084 3270 1217 3320 mutare
1228 3262 1357 3346 permit-

237 3375 305 3441 tut,
326 3361 384 3423 sed
399 3362 505 3447 iringis
523 3365 606 3450 [pro]
621 3360 646 3403 ¹⁶
665 3361 728 3423 Dei
741 3361 860 3422 intuitu
878 3383 946 3423 una
965 3383 1038 3421 cum
1056 3359 1186 3423 domnis
1203 3363 1358 3450 episcopis

237 3468 316 3550 ipse,
339 3485 389 3524 mc
412 3463 616 3550 subpliceute
635 3485 747 3525 coram
773 3464 1003 3552 redimptorem
1018 3459 1043 3505 ¹⁷
1060 3467 1224 3550 gentium,
1248 3461 1358 3527 sicot¹8

237 3568 283 3626 eis
300 3567 502 3642 commenda,
518 3565 691 3654 definsare
707 3565 817 3627 iubeat
832 3578 862 3627 et
875 3567 1024 3643 munire3
1044 3576 1091 3643 ut,
1107 3566 1141 3626 in
1154 3566 1251 3628 cuius
1263 3589 1358 3629 onore

237 3667 297 3728 Dei
305 3667 456 3755 santulus
466 3680 655 3755 protegunt,
677 3690 749 3729 cum
765 3668 936 3757 defensore
952 3688 1141 3754 pauperum
1158 3681 1190 3731 et
1204 3692 1326 3756 spunso
1335 3667 1358 3712 19

246 3829 367 3840 ——.

268 3928 290 3974 1.
304 3930 351 3974 Ms.
365 3927 442 3975 obbts
458 3926 531 3975 abbr.
546 3950 573 3963 ·—
585 3929 607 3976 2.
624 3931 694 3976 Corr.
709 3937 923 3992 persequutores.
936 3955 968 3965 -
981 3932 1004 3976 3.
1020 3926 1193 3978 Carrhenis.
1209 3955 1239 3967 —
1251 3932 1275 3978 4.
1291 3933 1356 3978 Corr.

236 3991 357 4037 extiterit.
374 4014 402 4026 -
416 3994 438 4038 5.
458 3993 528 4037 Corr.
546 3991 602 4048 hec.
617 4017 645 4026 -
663 3995 685 4038 6.
709 3998 779 4041 Corr.
800 3991 959 4041 temtaverit.
974 4016 1002 4027 -κ
1019 3993 1041 4038 7.
1061 3994 1132 4039 Gerr.
1151 4007 1315 4055 percurrere.
1330 4017 1356 4028 -

235 4056 258 4099 8.
282 4056 352 4099 (forr.
377 4059 535 4099 executores.
556 4080 583 4088 -
603 4057 626 4100 9.
651 4057 720 4104 Corr.
746 4055 857 4104 iusticie.
878 4083 907 4092 ·-
929 4055 967 4103 10.
987 4057 1058 4103 Corr.
1076 4052 1160 4102 vitali.
1175 4076 1208 4091 -··
1227 4054 1265 4104 11.
1290 4059 1353 4103 Corr.

235 4115 388 4162 discessum.
400 4143 431 4150 -
444 4116 481 4161 12.
497 4117 567 4161 Corr.
584 4132 644 4162 non.
657 4143 688 4151 -
701 4120 739 4164 13.
757 4120 827 4166 Corr.
843 4119 913 4166 finis.
930 4142 957 4153 -
974 4118 1012 4164 142
1028 4119 1099 4164 Corr.
1113 4119 1315 4165 construcxisse.
1329 4142 1354 4152 -

235 4179 272 4224 15.
292 4182 363 4224 (forr.
384 4177 540 4240 gubernare.
558 4203 586 4213 -
603 4181 640 4225 16.
658 4179 725 4226 Add.
744 4180 789 4227 alt.
808 4198 895 4229 manu.
914 4198 942 4215 ·-·
956 4181 995 4228 17.
1014 4182 1085 4227 sorr.
1105 4179 1307 4244 redemptorem.
1328 4203 1353 4214 -
1395 4196 1397 4199 ·

234 4239 274 4286 18.
291 4241 361 4287 Corr.
379 4241 454 4287 sicut.
473 4240 550 4287 -19,
567 4243 637 4288 Corr.
655 4257 760 4305 sponso.
