2954 5010
271 397 301 443 76
550 395 709 446 GREGORII
728 396 937 447 TURONENSIS
955 397 1104 447 EPISCOPI

272 524 316 577 te.
344 538 361 573 »
388 514 429 576 Et
449 512 498 576 illi
530 537 536 575 :
567 541 583 573 «
613 515 693 591 Iam,
717 513 854 601 inquid,
877 538 928 578 me
953 518 1043 580 Deus
1065 515 1237 601 praecepit
1262 513 1304 579 de
1330 516 1395 579 hoc

273 615 431 679 muudum
447 639 574 680 vocare.
592 617 674 681 Nam
689 628 735 693 tu,
752 615 875 705 quibis
890 617 1072 681 sceleribus
1086 616 1246 705 princeps
1260 617 1396 682 iuventa

273 741 320 793 es,
343 717 409 780 eris
432 717 606 782 maledieta
626 718 661 781 in
681 719 805 797 seculo,
832 732 865 783 et
886 719 950 784 erit
973 722 1062 785 Deus
1087 719 1193 783 ultur¹
1219 722 1395 810 sanguinis

275 818 338 883 mei
365 819 405 883 de
432 821 540 908 capite
566 833 635 886 tuo.
671 847 687 882 u
719 824 800 887 Cum
828 822 976 910 que-illa
1007 821 1202 901 discederit,
1229 822 1393 910 pontifex,

273 921 426 986 ordinata
441 922 541 986 donae
557 947 627 1001 sua,
649 922 803 1011 spiritum
820 925 970 990 exalavit.
989 924 1039 989 Ad
1056 949 1154 1012 quem
1171 923 1395 1014 sepiliendum
1430 955 1442 992 s

275 1025 511 1090 Romacbarius
536 1025 736 1105 Constancie
761 1026 852 1090 urbis
875 1027 1053 1116 episcopus
1078 1028 1223 1092 advenit.
1253 1030 1396 1117 Magnus

274 1140 353 1191 tuno
383 1151 497 1191 omues
525 1127 800 1216 Rotbomaginsis
830 1129 926 1207 civis,
956 1142 989 1193 et
1020 1129 1216 1217 praesertim
1247 1130 1396 1194 seniores

274 1229 340 1294 loci
364 1230 453 1293 illius
478 1232 624 1294 Francus
651 1255 760 1294 meror
784 1231 928 1296 obsedit.
952 1235 1000 1296 Ex
1024 1231 1145 1319 quibus
1169 1256 1257 1296 unus
1283 1232 1397 1297 seuior

275 1333 316 1397 ad
336 1331 592 1421 Fredegundem
614 1334 762 1412 veniens,
788 1333 832 1397 ait
857 1360 863 1397 :
892 1359 909 1395 u
935 1335 1038 1398 Multa
1062 1335 1149 1398 enim
1173 1334 1257 1398 mala
1279 1336 1313 1398 iu
1333 1335 1398 1399 hoc

276 1435 387 1499 seculo
410 1435 623 1522 perpetrasti,
650 1435 709 1499 sed
734 1435 842 1500 adhuc
863 1437 959 1524 peius
983 1461 1050 1501 nou
1075 1437 1214 1516 seueras,
1240 1462 1338 1525 quam
1363 1451 1399 1502 ut
1419 1463 1444 1502 ro

276 1537 482 1601 sacerdotem
509 1538 571 1600 Dei
599 1538 730 1602 iuberes
761 1537 970 1603 interfecere.
1003 1539 1055 1604 Sit
1083 1543 1172 1605 Deus
1201 1539 1293 1604 ultur
1322 1564 1399 1604 san-

132 1651 187 1701 col.
205 1639 388 1728 sauguinis
414 1638 611 1704 innocentes
635 1640 804 1704 velociter.
824 1639 838 1729 ll
855 1643 937 1706 Nam
960 1653 993 1705 et
1019 1666 1134 1706 omnes
1158 1665 1220 1705 nus
1246 1645 1399 1706 eremus?

277 1741 499 1830 inquesitores
520 1741 596 1805 mali
615 1743 727 1820 huius,
748 1755 785 1806 ut
803 1743 864 1806 tibi
885 1743 1015 1809 diucius
1035 1768 1099 1807 nou
1119 1743 1218 1809 liceat
1237 1757 1304 1808 tam
1323 1769 1400 1808 cru-

277 1844 363 1908 delia
387 1867 554 1908 exercere.
577 1869 593 1904 n
619 1844 701 1907 Cum
722 1858 830 1909 autem
854 1845 916 1924 hec
939 1844 1055 1910 dicens
1076 1845 1265 1911 discederet
1283 1871 1301 1911 a
1322 1871 1400 1911 eou-

277 1959 393 2034 spectu
416 1946 543 2035 regine,
560 1945 650 2010 misit
669 1945 725 2010 illa
744 1946 801 2035 qui
824 1972 897 2010 eum
920 1947 960 2011 ad
981 1947 1166 2013 convivium
1186 1963 1397 2037 provocaret.
1422 1975 1447 2014 15

134 2086 137 2093 ·
181 2051 184 2056 ’
277 2053 351 2132 Quo
370 2059 566 2127 rennuente,
586 2059 692 2138 rogat,
714 2062 760 2127 ut,
780 2047 806 2112 si
826 2048 1011 2113 convivium
1030 2050 1101 2114 eius
1118 2050 1165 2114 uti
1185 2075 1252 2115 non
1270 2051 1398 2131 vellit3,

278 2150 386 2215 saltim
420 2152 471 2215 vel
507 2148 663 2239 poculum
697 2164 822 2230 cureat,
860 2176 901 2215 ue
936 2150 1067 2216 ieiunus
1101 2176 1118 2216 a
1149 2153 1261 2242 regale
1297 2154 1401 2218 domo

277 2253 440 2318 discedat.
459 2257 532 2336 Quo
548 2253 777 2340 expectantel,
796 2266 931 2341 accepto
949 2254 1083 2342 poculo,
1101 2255 1188 2319 bibit
1204 2257 1400 2320 absencium

278 2381 352 2421 cum
370 2356 447 2420 vino
467 2368 499 2420 et
521 2355 617 2419 melle
638 2356 788 2434 mixtum,
812 2367 847 2420 ut
868 2380 937 2420 mos
958 2357 1176 2421 barbarorum
1196 2359 1318 2438 habet3
1340 2359 1402 2422 sed

277 2460 341 2522 hoc
375 2464 513 2546 [potum]
546 2482 709 2522 venenum
742 2458 895 2522 inbutum
926 2472 1007 2523 erat.
1033 2458 1046 2548 ll
1071 2459 1190 2525 Statim
1220 2473 1330 2524 autem
1368 2474 1402 2525 ut
1423 2488 1451 2527 ro

279 2560 384 2643 bibat,
415 2561 521 2623 sensit
548 2572 684 2647 pectore
716 2584 775 2625 suo
802 2559 951 2625 dolorem
980 2561 1123 2626 validum
1156 2562 1334 2640 inminere,
1370 2576 1404 2627 et

279 2664 429 2751 quasise
454 2663 659 2726 incideretur
681 2663 895 2742 intrinsecus,
921 2665 1117 2729 exclamavit
1141 2664 1222 2742 suis,
1248 2664 1368 2729 diceus
1394 2693 1401 2729 :

280 2793 296 2827 u
321 2766 452 2855 Fugite,
479 2789 497 2828 o
520 2763 645 2842 miseri,
670 2765 773 2853 sugite
800 2766 919 2831 malum
942 2766 1017 2846 boc,
1045 2791 1086 2830 ne
1109 2765 1245 2831 micum⁵
1273 2768 1404 2856 pariter

278 2866 464 2956 pariaruini.
478 2894 493 2928 u
516 2867 585 2931 lllis
604 2891 736 2957 quoque
753 2892 818 2931 non
836 2868 1030 2933 bibentibus
1048 2869 1153 2947 abire,
1171 2869 1226 2933 hic
1245 2870 1404 2958 protinus

279 2983 464 3048 excecatus,
490 2994 694 3058 ascensoque
717 2994 834 3057 aequo,
858 2972 892 3033 iu
913 2970 1019 3035 tercio
1044 2971 1170 3036 abhoc
1195 2972 1268 3036 loco
1292 2973 1404 3037 stadio
1424 3000 1453 3038 25

278 3072 400 3137 cecidit
415 3086 448 3136 et
469 3085 617 3136 mortuus
633 3085 694 3142 est.
714 3074 794 3136 Post
809 3074 871 3137 hoc
890 3073 1053 3138 Leoaldus
1073 3074 1252 3162 episcopus
1273 3072 1403 3162 episto-

278 3176 326 3240 las
346 3200 407 3263 per
426 3200 540 3240 omues
563 3175 751 3239 sacerdotes
773 3173 906 3254 direxit,
928 3190 960 3240 et
979 3190 1115 3265 accepto
1135 3176 1288 3254 consilio,
1311 3177 1403 3256 ecle-

279 3279 343 3342 sias
379 3278 649 3367 Rothomaginsis
683 3277 815 3356 clausit,
850 3291 884 3343 ut
915 3278 948 3342 iu
980 3280 1032 3343 bis
1063 3279 1206 3368 populus
1236 3280 1403 3345 solemnia

279 3380 389 3445 divina
409 3404 476 3444 non
498 3392 700 3467 expectaret,
723 3379 829 3445 donec
850 3381 1086 3469 indignacione
1108 3382 1280 3446 cummuni
1301 3407 1402 3471 repe-

279 3483 401 3546 riretur
425 3481 522 3546 huius
547 3494 662 3546 auctur
687 3484 843 3547 sceleres.
870 3483 935 3547 Sed
958 3497 990 3547 et
1016 3484 1146 3573 aliquos
1167 3483 1401 3572 adprebindit,
1425 3512 1452 3550 ao

279 3585 399 3672 quibus
423 3583 587 3671 supplicio
609 3585 784 3649 subditos6
804 3585 975 3649 veritatem
998 3585 1148 3664 extorsit,
1175 3585 1320 3674 qualiter
1342 3611 1404 3674 per

279 3685 454 3751 consilium
477 3685 708 3776 Fredegundis
732 3689 793 3752 hec
817 3701 887 3751 acta
914 3688 1031 3752 suerat.
1060 3688 1194 3767 Sedet,
1222 3712 1259 3752 ea
1282 3686 1404 3753 deleu-

280 3802 385 3864 saute,
405 3787 566 3853 ulciscere
588 3814 653 3853 non
675 3789 795 3877 potuit.
816 3791 982 3854 Ferebant
1002 3791 1113 3868 etiam,
1134 3789 1175 3854 ad
1195 3791 1303 3877 ipsum
1322 3815 1403 3878 per-

279 3913 431 3954 cussores
449 3892 591 3970 venisse,
610 3916 671 3980 pro
689 3915 728 3955 eo
746 3891 835 3978 quod
854 3893 915 3956 hcc
934 3892 1105 3980 inquirere
1123 3892 1284 3955 sacaciter
1303 3891 1401 3957 disti·

280 4005 390 4071 uaret3
414 3992 472 4056 sed
494 3993 642 4058 costodia
662 3994 799 4058 vallatus
822 4018 968 4071 suorum,
990 3993 1072 4058 nibil
1092 3993 1121 4057 ei
1141 4017 1266 4083 nocere·
1280 4007 1403 4082 potue·
1424 4022 1450 4061 ³5

312 4190 333 4235 l.
350 4192 420 4236 sorr.
435 4190 514 4235 ultor.
531 4217 557 4224 —
572 4191 595 4235 2.
617 4191 687 4236 Corr.
704 4205 751 4235 nos
769 4189 875 4236 erimus.
887 4217 918 4226 —
928 4192 951 4236 3.
967 4193 1037 4236 (err.
1055 4189 1141 4236 vellet.
1154 4215 1181 4224 -
1194 4190 1218 4235 4.
1231 4188 1294 4235 eod.
1306 4204 1402 4252 expec-

279 4257 333 4308 tun,
347 4268 411 4298 corr.
428 4258 587 4314 expectante.
601 4280 632 4286 —
644 4255 666 4299 5.
683 4255 753 4299 sorr.
767 4251 947 4300 inimicum-
960 4255 983 4300 6.
999 4252 1060 4299 sod.
1076 4251 1166 4299 subdit
1178 4267 1232 4299 cum
1246 4251 1305 4299 abb.
