2954 5010
296 385 326 430 68
575 378 734 431 Ganoonll
752 379 962 430 tunonensts
980 380 1130 430 EPISCOPI

295 497 414 562 civium
443 497 483 561 ad
517 521 629 586 rogem
657 511 828 586 properat,
853 510 902 561 set
922 496 1007 561 nihil
1034 496 1202 561 obtenuit.
1228 499 1322 561 Tunc
1349 521 1420 576 rex,

296 602 370 666 data
390 599 624 689 precepcione,
647 601 744 665 iussit
766 599 1036 689 Gundegisilum,
1056 598 1297 665 Sanctonicum
1321 601 1422 665 conri-

294 717 374 782 tem,
390 715 614 793 cognomento
627 702 802 767 Dodonem
815 702 1010 791 episcopum
1026 701 1200 782 ordinare;
1219 716 1423 792 gestumque

296 819 346 870 est
372 806 428 870 ita.
466 808 509 870 Ut
547 803 624 892 quia
654 804 748 869 multi
777 804 973 869 clericorum
995 804 1008 895 Η
1030 805 1312 870 Sanctonicorum
1346 817 1425 867 anto

296 908 457 997 synodum
489 905 739 972 consentientes
768 908 1010 971 Bertchramno
1036 906 1069 970 iu
1098 905 1273 972 Paladium
1311 929 1425 969 sacer·
1459 937 1470 975 5

296 1011 406 1075 dotem
423 1034 517 1074 suum
531 1007 639 1096 aliqua
649 1008 784 1073 adversa
799 1006 1058 1097 conscripserat,
1073 1032 1137 1096 que
1150 1008 1180 1072 ei
1196 1008 1425 1074 humilitatem

297 1110 501 1201 ingererent,
514 1123 591 1199 post
602 1110 673 1175 eius
684 1112 813 1175 obitum
827 1109 1022 1199 adprehinsi
1037 1137 1055 1175 a
1073 1111 1258 1190 sacerdote,
1276 1112 1427 1200 graviter

297 1213 383 1279 caesi
411 1214 520 1302 adque
544 1213 703 1299 expoliati
725 1227 815 1278 sunt.
845 1217 915 1278 Hoc
940 1225 1091 1302 tempore
1120 1227 1154 1278 et
1181 1213 1424 1293 Wadetenus¹‚

297 1317 444 1382 nutritur
459 1316 668 1381 Childeberti
688 1316 791 1405 rogis,
813 1316 909 1394 obiit,
932 1318 991 1381 sed
1012 1318 1046 1381 iu
1061 1316 1134 1382 loco
1149 1316 1222 1381 eius
1243 1317 1358 1381 nullus
1376 1330 1428 1381 est

298 1420 510 1509 subrogatus,
541 1443 581 1482 eo
610 1418 699 1506 quod
728 1417 841 1508 regina
868 1432 974 1483 mater
996 1443 1108 1483 curam
1129 1418 1222 1483 vellit
1251 1418 1426 1507 propriam
1450 1450 1473 1488 ro

297 1523 420 1587 habere
452 1521 493 1586 de
524 1520 605 1585 filio.
625 1525 841 1608 Quecumque
868 1521 910 1585 dc
938 1521 1018 1586 fisco
1044 1521 1176 1598 meruit,
1200 1521 1273 1584 fisci
1294 1520 1428 1585 iuribus

298 1637 376 1689 sunt
392 1624 506 1688 relata.
530 1622 622 1688 Obiit
637 1622 689 1686 his
705 1623 825 1688 diebus
836 1623 1051 1712 Bodygisilus
1068 1624 1134 1688 dux
1144 1622 1266 1712 plenus
1278 1622 1426 1702 dierum,

299 1727 358 1791 sed
373 1725 457 1791 nihil
472 1727 513 1790 de
533 1726 686 1789 facultate
705 1724 776 1790 cius
789 1725 865 1789 filiis
879 1727 1061 1790 minuatum
1074 1739 1137 1791 est.
1155 1728 1191 1791 ln
1204 1725 1279 1790 loco
1295 1727 1427 1803 Fausti,

299 1828 480 1893 Auscensis
493 1826 656 1916 episcopi,
680 1828 778 1893 Saius
793 1827 962 1917 presbiter
977 1830 1189 1918 subrogatur.
1200 1829 1282 1893 Post
1294 1828 1428 1893 obitum

300 1929 407 1996 sancti
430 1929 530 1995 Salvii
551 1930 615 1994 hoc
635 1954 723 1994 anno
744 1930 961 1995 Desideratus
982 1929 1214 2020 Albiginsibus
1242 1929 1429 2020 episcopus
1450 1963 1473 2002 15

300 2033 398 2098 datus
419 2046 482 2097 est.

347 2246 465 2309 XXlll.
489 2244 610 2335 Magne
632 2244 696 2308 hoc
723 2265 810 2307 anno
839 2242 969 2331 pluviae
996 2244 1142 2323 luerunt,
1176 2268 1363 2334 amnesque
1396 2247 1430 2312 in

304 2360 431 2412 tantum
464 2347 712 2435 prevaluerunt,
742 2359 778 2410 ut
801 2345 999 2434 plerumque
1034 2347 1205 2437 naufragia
1237 2353 1429 2413 evenirent.

307 2448 438 2537 lpsique
463 2448 559 2512 litora
589 2447 801 2525 excedentes,
838 2448 1044 2535 propinquas
1077 2447 1226 2537 segetis?
1257 2472 1296 2512 ac
1335 2463 1433 2537 prata

304 2549 507 2639 operientes,
524 2552 669 2640 graviter
686 2549 859 2629 eliserunt,
874 2549 1073 2638 fueruntque
1087 2549 1231 2615 vernalis
1243 2551 1433 2641 aestivique
1452 2583 1476 2621 n

307 2652 469 2717 rnesnris3
487 2665 553 2716 tam
574 2652 710 2742 inrigui,
733 2666 770 2716 ut
788 2651 895 2716 hiems
916 2652 1021 2743 magis
1040 2665 1212 2741 potaretur
1237 2677 1433 2743 essequam

307 2769 427 2820 aestas.

300 2957 301 2962 ἵ
351 2966 443 3032 XXII
463 2963 541 3047 [24].
562 2967 653 3030 Duae
671 2965 733 3028 hoo
750 2987 835 3028 anno
850 2964 977 3028 iusolel
990 2963 1023 3028 in
1041 2988 1129 3029 mare
1145 2963 1306 3030 divinitus
1319 2966 1435 3033 incen-

308 3067 364 3134 dio
390 3080 599 3146 concremate
621 3080 709 3147 sunt,
732 3091 795 3155 quc
816 3091 877 3155 per
903 3067 974 3131 dies
995 3067 1115 3155 septim
1138 3091 1212 3131 cum
1234 3069 1434 3135 hominibus
1453 3095 1476 3133 a·

166 3205 220 3255 pol,
238 3204 292 3251 237.
307 3169 547 3260 pecoribusqui
563 3176 780 3258 co[nsu]mpte
797 3169 1075 3235 subvertebantur
1091 3168 1104 3260 Η
1121 3173 1202 3236 Nam
1219 3171 1329 3259 quiin
1343 3197 1434 3238 mare

309 3273 550 3362 conluge1¹ent⁷⁰
574 3285 661 3336 etse
682 3271 715 3334 in
742 3271 909 3359 profundo
938 3271 1184 3360 precipitabant
1207 3272 1240 3336 in
1267 3273 1341 3361 ipsa
1367 3299 1434 3364 qua

167 3402 221 3450 cot.
239 3403 292 3450 seo.
311 3378 547 3465 mergebantur
571 3398 655 3462 aqua
678 3372 690 3462 Η
714 3375 997 3438 consumebantur
1022 3373 1225 3463 gravioriqui
1246 3376 1432 3465 supplicio,

310 3478 367 3567 qui
387 3503 452 3542 non
470 3477 644 3542 confestim
658 3475 855 3540 emittebant
868 3476 1034 3565 spiritum,
1050 3475 1238 3542 uribantur.
1252 3479 1434 3544 Redactis-

311 3604 375 3667 quc
404 3579 559 3644 omnibus
587 3580 620 3643 in
648 3577 767 3656 favilla,
802 3593 919 3643 cuncta
950 3579 1049 3644 maris
1080 3578 1224 3668 operuit.
1262 3580 1434 3646 Ferebant
1453 3607 1473 3645 a

297 3679 408 3745 ’etiam
431 3682 533 3746 multa
563 3683 658 3772 signa
683 3705 745 3768 qua
772 3681 925 3770 superius
946 3707 1006 3746 nos
1026 3681 1149 3746 vidisse
1173 3694 1289 3747 octavo
1316 3708 1434 3750 mense

311 3783 527 3863 narravimus,
548 3785 641 3873 quasi
658 3784 797 3866 arde[re]
810 3785 929 3864 celum,
944 3810 984 3849 ox
1001 3784 1145 3866 hutiupss
1160 3784 1307 3850 incendii
1321 3788 1435 3876 splen·

311 3886 393 3950 dore
414 3885 527 3951 luisse.

298 4169 300 4173 Α
343 4179 366 4226 1.
384 4180 454 4225 Corr.
468 4176 651 4224 Wandclenus.
665 4202 696 4211 -
709 4178 730 4224 2.
751 4180 821 4225 Corr.
837 4182 946 4239 segetes.
962 4179 1023 4225 *3.
1038 4174 1087 4234 Sic,
1095 4194 1144 4240 pro
1155 4194 1265 4227 menses.
1279 4205 1311 4215 -
1323 4181 1346 4227 4.
1358 4183 1434 4230 Corr.

316 4237 409 4288 insule.
421 4267 451 4276 -
468 4244 491 4288 5.
507 4241 771 4302 Corr.c011sugercnt.
785 4243 842 4286 —6.
855 4243 925 4287 Corr.
939 4237 1026 4287 huius.
