2954 5010
271 394 301 435 56
550 388 708 437 iiiii-:uouit
728 388 938 437 Ti‘uoxflxms
955 388 1108 437 Episcopi

271 506 583 593 adprelrensuruque
593 506 626 568 in
638 506 786 569 humeris
795 504 838 569 ad
846 504 925 569 litus
936 504 1041 570 detuli
1052 502 1172 593 ibique
1183 528 1263 571 eum
1273 507 1391 594 cespite

272 607 518 696 superpositum
534 606 704 671 tumulavi.
722 609 821 685 Ecce,
840 606 974 671 salvatis
989 607 1133 687 artibus,
1146 606 1242 695 quod
1254 607 1390 673 volueris

271 710 376 774 elliee.
401 738 417 771 ιι
439 708 534 793 Quod
555 734 629 773 rum
650 733 707 773 rex
724 708 946 798 conperisset,
967 708 1168 799 contingens
1188 734 1226 775 se
1244 710 1288 775 ad
1305 735 1390 775 vena·

271 812 401 876 cionem
419 812 613 900 procedere,
630 812 828 902 detectoque
839 811 978 890 tumulo,
995 811 1149 902 repperit
1160 814 1391 903 corpusculum

271 912 437 1003 integrum
451 929 481 979 et
497 914 649 993 inlesum.
664 918 692 979 17
695 938 735 978 na
749 927 877 978 tantum
893 939 968 1003 pars
979 913 1194 1002 capillorum,
1208 938 1276 1004 que
1286 918 1406 982 subters

271 1018 388 1091 suerat,
412 1017 475 1081 iam
494 1016 689 1094 delluxerat,
708 1017 771 1081 alia
791 1041 870 1082 vcro
888 1041 961 1081 eum
987 1016 1070 1105 ipsis
1089 1016 1239 1083 crinium
1258 1016 1392 1108 flagellis

271 1119 393 1184 intaeta
426 1120 577 1184 durabat.
617 1119 865 1208 Cognitumque
896 1131 948 1183 est
979 1120 1068 1183 hunc
1099 1142 1176 1184 esse
1211 1145 1314 1209 quem
1344 1146 1392 1186 rex

127 1240 183 1287 (ιιι.
200 1240 253 1286 383.
272 1224 398 1286 intentu
414 1224 524 1286 auimo
541 1223 752 1310 requerebat.
773 1223 965 1287 Convocato
980 1220 994 1310 ΙΙ
1012 1220 1116 1309 igitur
1132 1224 1301 1312 episcopo
1322 1226 1392 1289 civi·

271 1324 359 1399 tatis,
393 1349 465 1388 euru
498 1325 588 1389 clero
622 1337 654 1388 et
685 1324 810 1412 pupulo
841 1348 878 1388 ac
908 1322 1072 1388 ceriorum
1098 1325 1390 1391 innumerabilium

270 1441 387 1491 ornatu
410 1427 451 1491 ad
470 1426 640 1491 basilicam
662 1428 769 1491 sancti
789 1425 946 1493 l'iueenti
963 1426 1086 1490 detulit
1100 1426 1316 1504 tumulando,
1334 1453 1419 1493 nona

96 1545 149 1593 Fol.
164 1545 209 1593 tra
218 1554 252 1593 ν.
270 1532 378 1594 minus
395 1530 557 1618 plangens
574 1542 713 1619 nepotes
726 1541 887 1607 mortuos,
902 1552 1000 1616 quam
1011 1528 1026 1619 l}
1036 1552 1111 1593 cum
1122 1528 1211 1595 vidit
1222 1529 1314 1595 filius
1326 1556 1390 1620 pro·

269 1635 361 1722 prius
389 1635 451 1696 iam
485 1633 647 1720 sepultus.
681 1635 762 1697 Post
787 1633 848 1711 hec
880 1631 971 1695 misit
992 1630 1181 1720 Pappolum
1208 1634 1389 1712 Carnutene

271 1735 361 1799 urbis
387 1736 598 1823 episcopum,
624 1733 681 1823 qui
708 1733 899 1799 llerovechi
923 1733 1061 1798 cadaver
1086 1732 1282 1822 requirens,
1312 1735 1388 1800 iuxta

271 1837 497 1903 Chludoreelri
518 1837 681 1901 tumulum
700 1836 864 1926 sepelivit.
1427 1890 1429 1923 Ι

1426 1968 1429 1997 l

314 2051 371 2113 Xl.
390 2046 554 2112 Ostiarius
568 2072 646 2112 vero
660 2047 795 2136 quidam
810 2048 851 2111 de
867 2046 932 2112 alio
948 2046 1085 2111 ostiario
1099 2046 1186 2111 dixit
1200 2073 1208 2111 :
1223 2074 1240 2110 a
1254 2047 1386 2113 Domine
1399 2070 1413 2111 n

271 2175 339 2227 rex,
369 2150 435 2228 hie,
462 2164 599 2238 accepto
624 2151 765 2238 premio,
796 2151 971 2226 consinsit,
1001 2161 1037 2213 ut
1062 2160 1098 2213 tu
1123 2149 1384 2215 interficiaris.»

270 2253 577 2340 Adprehensusque
607 2251 774 2328 ostiarius,
805 2251 847 2315 de
877 2276 942 2340 quo
971 2251 1113 2330 dixerat,
1141 2275 1243 2331 cesus
1268 2252 1385 2342 suppli·

271 2354 398 2442 eiisque
421 2352 533 2418 multis
550 2354 712 2432 adlectus,
734 2354 818 2418 nihil
836 2354 877 2417 de
896 2377 1007 2431 causa,
1024 2376 1089 2441 qua
1107 2353 1384 2444 interrogabatur,

271 2457 436 2545 apperuit.
466 2457 701 2543 loquebantur
725 2457 813 2520 euim
837 2469 916 2520 tunc
941 2455 1034 2519 multi
1059 2456 1124 2519 hoc
1148 2453 1182 2519 in
1205 2454 1340 2521 insidiis
1360 2467 1387 2520 et

271 2559 392 2622 invidia
412 2560 545 2629 laetum,
569 2559 658 2647 quod
674 2558 831 2622 ostiarius
847 2558 916 2637 ille,
934 2557 987 2622 cui
1005 2557 1067 2621 hoc
1082 2556 1210 2622 crimen
1228 2558 1412 2645 inpactumr

272 2662 388 2737 l'uerat,
413 2661 589 2747 plurimum
605 2686 621 2723 a
637 2661 706 2749 regi
720 2661 921 2749 diligeritur.
937 2658 1124 2724 Ansoaldus
1136 2672 1268 2740 autem,
1285 2661 1385 2726 nescio

272 2787 334 2851 qua
357 2762 547 2851 suspicione
568 2775 687 2841 taetus,
710 2787 769 2826 nec
790 2763 984 2841 validiecns,
1004 2786 1020 2824 a
1043 2759 1112 2849 regi
1133 2761 1306 2830 discessit.
1328 2765 1386 2829 Rex

271 2890 349 2929 veru
367 2864 584 2929 Caviluunum
603 2890 788 2952 regressus,
803 2864 899 2928 iussit
914 2868 1091 2941 Boantum,
1105 2863 1161 2952 qui
1181 2864 1248 2928 sibi
1266 2888 1386 2955 semper

272 2969 377 3031 l'uerat
397 2967 555 3045 inlidelis,
575 2968 686 3057 gladio
703 2967 844 3057 percuti.
864 2966 927 3050 Qui
941 2967 1079 3031 vallatus
1098 2965 1131 3030 in
1148 2965 1252 3031 domu
1268 2992 1338 3047 sua,
1353 2967 1385 3031 ab

272 3070 464 3134 horninibus
483 3070 568 3155 regis
586 3084 778 3159 peremptus
800 3070 944 3149 interiit3
963 3093 1081 3157 resque
1101 3093 1159 3149 sue
1178 3069 1253 3135 fisci
1271 3070 1413 3137 diocia-n

273 3173 371 3237 nibus
387 3173 579 3262 subiugatc¹
603 3185 690 3237 sunt.

317 3384 390 3446 Xll.
423 3382 574 3471 Denique
602 3408 674 3447 cum
705 3408 760 3448 rex
788 3384 924 3448 maxima
960 3383 1149 3447 intencione
1181 3385 1387 3451 Theodorum

274 3483 468 3571 episcopum
496 3485 613 3550 iterum
636 3488 793 3575 persequi
821 3499 1009 3564 conaretur,
1039 3497 1071 3549 et
1096 3485 1247 3551 Massilia
1273 3486 1338 3553 iam
1360 3489 1388 3552 in

275 3586 507 3651 Childeberthi
528 3587 616 3678 regis
642 3587 873 3653 dominacione
901 3602 1049 3653 revocata
1079 3587 1198 3652 suisset
1221 3590 1262 3654 ad
1286 3591 1388 3656 discu-

130 3711 186 3758 Fol.
203 3711 256 3758 227
275 3689 410 3753 ciendas
434 3714 549 3754 causas
574 3689 640 3780 llll
626 3690 788 3755 t·atha1ius
819 3690 897 3756 illuc
927 3691 1021 3779 quasi
1050 3689 1116 3754 dux
1143 3714 1159 3753 a
1186 3704 1283 3807 parte
1310 3694 1417 3784 regist

275 3790 470 3856 Childebcrt
473 3792 505 3857 hi
525 3794 698 3882 diregitur.
714 3794 781 3857 Sed
801 3795 984 3882 postposita
1002 3792 1136 3858 accione
1142 3817 1230 3882 ,que
1246 3797 1278 3861 ei
1297 3796 1429 3887 aregi,

273 3895 421 3958 iniuncta
443 3894 522 3957 incr
508 3909 583 3975 ι,ιιιῐ
609 3894 802 3982 episcopum
826 3896 936 3976 sallat,
960 3896 1174 3960 fideiussores
1202 3899 1348 3989 requirit
1364 3911 1392 3964 et

274 3997 313 4060 nd
339 3995 546 4085 presenciam
569 3996 656 4086 regis
684 3999 950 4063 (lunthclunmui
975 3998 1107 4077 direxit,
1135 4012 1170 4063 ut
1198 4003 1333 4071 scilicet
1358 4002 1391 4069 ad

303 4248 326 4293 l.
346 4249 417 4295 surr.
431 4246 581 4308 subiugata.
