2954 5010
214 382 244 425 35
503 376 661 424 GREGORH
679 376 887 424 TUROXENSIS
904 376 1055 425 EPISCOPI

215 519 300 582 quos
325 492 445 557 sorcior
471 492 611 572 avaricie
634 492 788 556 acoleos¹
815 493 955 569 terebat,
986 491 1119 582 longius
1154 491 1340 576 cracantis,

215 595 494 685 peremcbantur²
510 596 551 658 ab
565 594 696 659 incolis.
717 593 729 684 Η

76 873 133 920 Col.
144 871 198 918 aaa.
260 860 406 924 XXXVl.
427 857 665 922 Ascendebaut
680 855 768 920 euim
784 881 845 946 per
860 856 979 920 collem
996 868 1117 921 etcum
1134 856 1342 922 Gundoaldo

215 961 328 1050 sepius
359 961 599 1048 loquebantur,
631 959 812 1023 inserentes
836 958 866 1022 ei
895 958 1044 1024 convicia
1071 983 1108 1023 ac
1139 959 1298 1025 dicentes
1332 984 1340 1022 :

216 1091 232 1125 (ι
255 1067 280 1128 Τ
284 1087 349 1127 unc
370 1088 405 1127 es
423 1063 553 1149 pietur3
573 1061 641 1139 ille,
664 1062 720 1149 qui
736 1074 887 1149 tempore
906 1061 1156 1125 Chlothacharii
1174 1063 1268 1152 regis
1282 1088 1342 1152 per
1370 1086 1381 1124 s

215 1165 361 1231 oraturia
378 1163 515 1254 parietis
529 1164 637 1252 adque
665 1163 678 1252 Η
705 1187 850 1227 camaras
869 1165 1070 1229 caraxabas?
1084 1165 1178 1228 Tune
1201 1165 1252 1230 is*
1270 1166 1340 1247 ille,

215 1294 314 1358 quem
339 1268 561 1333 Ballomerem
582 1264 716 1329 nomine
737 1266 850 1355 sepius
871 1266 1053 1330 Galliarum
1078 1265 1189 1331 incole
1212 1269 1341 1334 vocita-

216 1373 320 1436 bant?
345 1374 438 1436 'l'une
466 1393 501 1433 es
525 1369 594 1446 ille,
624 1367 681 1456 qui
707 1368 903 1457 plerumque
932 1393 950 1432 a
978 1369 1112 1457 regibus
1133 1371 1342 1437 Francorum

215 1487 355 1562 propter
369 1475 428 1536 has
446 1468 722 1560 presumpcioues
737 1494 819 1558 quas
834 1471 1000 1558 proferis5
1015 1484 1211 1537 tunsoratus
1226 1486 1261 1538 et
1278 1474 1342 1539 exi·

216 1576 261 1640 lio
282 1577 379 1640 datus
396 1600 431 1639 es
443 1576 456 1637 2³
468 1573 528 1640 Vel
545 1575 619 1661 quis
633 1585 679 1650 te,
694 1571 923 1651 infelicissime
935 1573 1119 1652 homiuum,
1138 1573 1172 1638 iu
1189 1574 1245 1640 his
1258 1576 1342 1642 locis
1359 1597 1378 1636 1⁰

217 1678 366 1756 adduxit,
392 1676 526 1741 edicito.
558 1675 641 1759 Quis
663 1675 725 1739 tibi
750 1686 875 1738 tautam
898 1675 1067 1740 audaciam
1091 1678 1287 1764 prestetit⁶‚
1310 1692 1344 1745 ut

217 1779 426 1846 dominorum
458 1803 495 1843 ac
526 1802 641 1866 regum
668 1789 857 1841 nostrorum
889 1777 954 1841 fine
984 1777 1137 1842 auderis⁷
1164 1780 1342 1870 attingere?

217 1884 328 1958 Certe,
347 1882 374 1944 si
394 1906 410 1944 a
430 1904 595 1969 quoquam
616 1904 651 1942 es
668 1892 836 1957 evocatus,
854 1879 941 1942 clara
956 1903 1037 1943 voce
1057 1892 1195 1946 testare.
1214 1885 1267 1947 En
1282 1884 1342 1948 tibi

218 1997 293 2047 ante
310 1983 447 2047 oculus8
467 1995 604 2046 mortem
623 1983 821 2068 expositam,
849 2006 890 2045 en
912 1983 1031 2069 ipsam,
1054 2007 1152 2071 quam
1178 1984 1236 2049 diu
1260 2011 1340 2074 que·

217 2085 304 2164 sisti,
327 2084 417 2149 exitii
440 2085 578 2162 foveam,
602 2085 634 2146 in
656 2108 720 2172 qua
745 2108 886 2171 preceps
905 2083 1072 2148 deiciaris.
1097 2084 1158 2150 Dic
1177 2088 1339 2153 satellites
1356 2107 1374 2146 1⁵

215 2187 450 2266 veriti1n⁹,vel
471 2186 628 2274 aquibus
649 2185 798 2264 inviteris
820 2184 972 2250 enuncia.
993 2212 1009 2247 u
1030 2186 1080 2250 Ad
1102 2187 1159 2251 ille
1182 2214 1260 2253 eum
1280 2191 1339 2271 hec

218 2290 359 2368 audiret,
378 2288 536 2378 proprius
551 2313 650 2376 super
667 2300 795 2377 portam
812 2288 947 2352 adstans
964 2287 1119 2354 dicebat:
1139 2317 1156 2351 a
1172 2292 1275 2374 Quod
1291 2317 1339 2358 me

218 2390 497 2456 Chlotliacharius
509 2403 604 2480 pater
618 2414 710 2454 meus
727 2413 861 2453 exosum
871 2391 896 2434 ¹⁰
910 2391 1077 2477 habuerit,
1091 2393 1236 2458 habetur
1247 2395 1338 2460 incc-

79 2511 134 2558 rol.
148 2512 201 2559 208.
218 2494 349 2582 gnitum
365 2492 468 2571 nulli3
492 2492 581 2581 quod
605 2504 713 2555 autem
733 2492 774 2555 ab
796 2516 835 2555 eo
856 2490 906 2554 vel
927 2491 1087 2580 deinceps
1108 2492 1121 2583 ll
1143 2518 1161 2557 a
1181 2495 1338 2561 fratribus

219 2596 280 2658 siin
304 2608 510 2674 tunsoratus,
529 2593 739 2657 manifestum
763 2605 814 2656 est
834 2592 999 2657 omuibus.
1024 2597 1066 2659 Et
1080 2595 1143 2659 hec
1167 2620 1221 2662 me
1244 2622 1338 2662 causa
1354 2617 1374 2656 ar

218 2696 343 2762 Narsiti
361 2697 509 2785 prolecto
531 2695 643 2759 ltaliae
665 2694 787 2759 iuncsit
801 2695 842 2773 ¹¹3
865 2695 978 2784 ibique
999 2721 1134 2761 uxorem
1155 2698 1337 2788 accipiens,

219 2799 302 2863 duos
318 2799 439 2862 filius1‘2
456 2797 624 2888 generavi.
642 2799 714 2879 Qua
731 2799 882 2877 morta¹³,
903 2798 1088 2887 adsumptis
1108 2825 1240 2866 mecum
1256 2803 1338 2868 libe-

220 2900 277 2980 ris,
305 2900 633 2990 Constantinopolim
660 2900 739 2964 abii.
766 2899 817 2963 Ab
845 2901 1104 2988 imperatoribus
1129 2928 1209 2967 vero
1238 2907 1340 2971 bene-

217 3002 405 3092 guissimill
432 3015 620 3091 susceptus,
646 3026 758 3090 usqum
787 3002 851 3066 hoc
873 3015 1025 3090 tempore
1050 3004 1127 3067 rixi.
1156 3005 1245 3072 Ante
1273 3009 1340 3073 os¹⁵

219 3106 306 3169 enim
339 3104 470 3169 annis¹⁶
495 3130 568 3170 cum
598 3106 870 3169 Guntchramnus
895 3107 983 3169 Boso
1011 3106 1339 3198 Constantinopolim
1354 3130 1374 3168 rs

218 3208 381 3287 abissit17,
395 3220 429 3272 et
441 3233 503 3298 ego
518 3206 668 3272 solicitus
680 3207 704 3251 ¹⁸
719 3230 835 3271 causas
849 3207 985 3270 fratrum
1000 3232 1147 3271 meorum
1159 3207 1339 3300 diligenter

218 3309 385 3390 rimarem,
400 3311 539 3400 cognovi
553 3308 809 3400 generacionem
823 3321 970 3373 nostram
981 3309 1077 3373 valde
1093 3309 1337 3396 attinuatam¹⁹,

218 3436 279 3475 nec
300 3437 475 3500 superesse
494 3413 536 3476 de
557 3411 660 3501 stirpe
680 3424 804 3489 nostra,
823 3412 888 3475 nisi
904 3411 1157 3476 Childebertum
1178 3427 1211 3478 et
1232 3419 1339 3482 Gunt-

218 3514 413 3578 chramnum
432 3515 519 3604 regis
533 3515 571 3592 2⁰,
598 3514 733 3578 fratrem
755 3514 882 3578 scilicet
903 3527 935 3578 et
958 3515 1110 3579 fratres2¹
1133 3516 1198 3580 mei
1221 3517 1337 3584 filium.

217 3615 292 3681 Filii
305 3617 394 3681 enim
411 3615 595 3706 Chilperici
612 3615 702 3707 regis
720 3641 795 3681 cum
811 3616 885 3705 ipso
901 3617 1110 3698 interierant,
1130 3631 1339 3686 unctantem
1356 3641 1376 3681 a

247 3919 268 3964 1.
289 3920 360 3965 Corr.
375 3916 491 3963 aculeus.
502 3917 561 3961 -2.
579 3917 648 3962 Corr.
663 3921 813 3976 evagantes,
825 3917 1031 3978 perimebantur.
1042 3945 1069 3952 —
1081 3920 1104 3964 3.
1115 3921 1186 3966 Corr.
1203 3919 1299 3983 pictor.
1314 3949 1341 3959 -

215 3981 238 4026 4.
252 3983 321 4026 Corr.
332 3996 368 4026 es.
382 4005 409 4013 -
423 3983 445 4024 5.
463 3981 534 4024 Corr.
550 3978 676 4038 proferes.
690 4004 717 4012 -
728 3980 751 4024 ὃ.
767 3981 838 4026 Corr.
849 3980 973 4041 prestitit.
987 4007 1015 4015 -
1025 3983 1047 4026 7.
1062 3983 1132 4027 Corr.
1143 3981 1209 4029 fines
1220 3983 1340 4032 auderes.

214 4067 245 4077 —
258 4046 280 4088 8.
296 4045 366 4089 Corr.
379 4040 479 4086 oculos.
493 4067 522 4074 —
535 4042 559 4085 9.
573 4040 642 4085 Corr.
657 4039 763 4085 satelles
776 4041 922 4088 veritatem.
936 4070 967 4077 —
976 4044 1015 4089 10.
1030 4046 1101 4090 Corr.
1114 4059 1246 4092 exossam.
1263 4074 1291 4083 -
1304 4047 1340 4095 11.

217 4106 287 4151 Corr.
298 4102 423 4165 giunxsit.
435 4102 508 4148 -12,
519 4103 590 4147 Corr.
598 4101 675 4147 filios.
686 4128 713 4136 -
723 4102 761 4148 13.
772 4104 843 4149 Corr.
852 4106 1048 4151 mortum-14.
1060 4108 1130 4152 Corr.
1141 4106 1340 4170 benignissime.

217 4193 244 4200 -
256 4167 294 4212 15.
306 4168 378 4213 Corr.
391 4164 447 4210 hos.
457 4165 534 4210 -16.
548 4165 618 4209 Corr.
631 4179 722 4210 annos.
735 4190 762 4198 -
774 4165 811 4212 17.
823 4168 894 4212 Corr.
906 4167 1013 4213 abisset.
1026 4193 1053 4201 -
1065 4168 1103 4213 18.
1116 4169 1188 4216 Corr.
1201 4170 1339 4219 sollicitus.

218 4254 245 4262 -
262 4228 300 4275 19.
316 4231 387 4276 Corr.
400 4231 570 4273 attenuatum.
584 4250 612 4259 -
627 4227 664 4271 20.
681 4228 751 4274 Corr.
766 4241 851 4290 reges.
866 4253 893 4264 —
906 4229 943 4275 21.
958 4231 1028 4278 Corr.
1045 4229 1143 4277 fratris.
