2954 5010
274 417 305 480 BQ
317 437 329 466 ὴν
559 415 716 466 GREGOllll
732 414 940 466 Tunoxunsis
957 414 1109 465 EPISCOPI

274 535 433 599 obtenere
458 557 524 597 non
548 532 682 621 quiunt,
709 546 742 595 ut
771 532 880 596 saltim
908 532 958 597 vel
989 532 1156 598 celebrata
1183 533 1399 598 solemnitate

273 635 421 724 paschali
433 634 648 700 discuciatur.
663 633 787 721 Hisque
799 634 1064 722 supplicantibus
1077 647 1110 700 ct
1123 634 1182 700 illo
1196 649 1397 714 rennuente,

273 738 406 803 tandem
425 737 582 826 patefecit
599 736 777 825 nullusque
795 736 919 801 latebat
937 738 969 801 in
992 750 1140 826 pectore.
1160 736 1240 814 «Si,
1263 737 1397 826 inquid,

275 840 420 918 domum,
433 864 530 928 (quam
543 840 625 903 infra
638 837 822 903 terreturii¹
835 838 978 929 Biturigi
990 839 1133 904 termino
1148 839 1274 904 habere
1284 839 1399 903 dinus·

275 943 371 1020 citur,
394 949 489 1025 [mea]
503 941 649 1019 dicione,
668 941 751 1004 facta
768 939 970 1021 vindicione,
993 941 1201 1021 subdederit,
1220 966 1285 1030 que
1303 940 1401 1030 flagi-
1435 967 1448 1006 s

275 1044 400 1130 (liltatis
418 1042 519 1122 facio;
534 1043 680 1131 alioquin
698 1067 763 1106 non
782 1041 941 1132 effugiat2
957 1068 1073 1108 manus
1087 1067 1189 1122 meas,
1207 1044 1273 1108 nisi
1290 1045 1401 1109 trada-

275 1161 329 1211 tur
348 1147 459 1212 exilio.
479 1147 633 1211 »Metuit
657 1170 777 1235 negare
798 1146 995 1234 episcopus;
1018 1145 1155 1234 scripsit
1169 1147 1373 1234 subscripsit
1389 1146 1403 1237 {l

133 1273 340 1339 totamque
363 1274 399 1314 ac
420 1248 565 1313 tradedit
583 1273 718 1338 agrum3
740 1261 773 1312 et
793 1249 853 1324 sic,
877 1247 963 1312 datis
986 1248 1240 1313 fideiussoribus
1262 1248 1305 1312 de
1327 1274 1401 1337 pre·

276 1351 386 1418 scncia
414 1376 470 1415 sua
498 1364 574 1416 aintc
601 1375 731 1438 regem,
760 1349 794 1413 in
818 1349 949 1415 civitate
975 1350 1107 1439 ingredi
1130 1351 1315 1439 permissus
1335 1364 1399 1418 est.

276 1455 466 1520 Transactis
482 1453 584 1542 igitur
604 1453 722 1516 diebus
738 1451 872 1532 sanctiS,
894 1453 935 1517 ad
955 1477 1067 1543 regem
1086 1453 1208 1541 pergit.
1230 1453 1349 1517 Adfuit
1368 1466 1402 1517 ct
1426 1481 1449 1519 ia

276 1556 465 1635 nmestius,
488 1569 537 1620 set
562 1555 645 1619 nihil
666 1555 707 1618 de.
732 1555 783 1618 his
809 1579 872 1642 que
893 1556 1086 1643 opponebat
1107 1554 1266 1643 episcopo
1288 1556 1400 1644 potuit

277 1661 475 1747 adprobare.
506 1657 690 1746 Episcopus
719 1670 827 1721 autem
854 1657 896 1721 ad
926 1659 1039 1721 urbem
1067 1658 1175 1722 redire
1205 1656 1343 1722 iubetur
1370 1673 1403 1722 et

279 1760 442 1850 usquead
463 1760 615 1824 sinodum
643 1760 786 1823 futurum
812 1759 982 1839 dilatatur,
1004 1759 1031 1823 si
1055 1762 1139 1825 forte
1155 1760 1265 1848 aliqua
1285 1759 1329 1824 de
1347 1760 1403 1825 his

278 1887 341 1951 qne
371 1863 603 1950 opouebantur
634 1860 826 1925 evcdentius
861 1874 998 1949 possent
1032 1863 1183 1951 agnosci.
1218 1861 1336 1927 Adfuit
1371 1876 1404 1928 et

279 1965 446 2031 Noncius³
466 1965 656 2053 episcopus,
675 1962 743 2051 qui,
765 1963 850 2028 datis
867 1964 979 2028 multis
999 1963 1203 2043 muneribus,
1222 1965 1402 2031 abscessit.
1427 1993 1450 2033 15

137 2153 193 2204 cot.
207 2154 262 2200 415.
324 2135 483 2216 [XLllll.]
499 2132 729 2222 Fredeguudis
745 2157 823 2196 vero
840 2131 949 2220 quallsi
963 2157 1003 2196 ex
1020 2132 1154 2198 nomine
1172 2133 1232 2199 filii
1249 2135 1301 2199 sui
1315 2135 1406 2225 lega·

279 2250 332 2301 tus
343 2236 382 2301 ad
397 2237 683 2301 Guntehramnum
699 2259 810 2323 regem
823 2235 950 2324 dirigit.
967 2235 1044 2320 Qui,
1059 2249 1202 2301 reserata
1218 2237 1404 2325 peticione,

280 2352 418 2428 accepto
430 2363 606 2426 responso,
618 2336 842 2401 valedicentes
853 2337 1055 2417 abscedunt;
1069 2338 1141 2418 sed,
1155 2338 1268 2403 nescio
1280 2340 1407 2428 quibus

281 2441 403 2518 causis,
429 2441 597 2529 paulolum
616 2453 696 2528 aput
717 2451 874 2503 metatum
896 2464 990 2504 suum
1013 2441 1168 2505 remorati
1192 2453 1281 2505 sunt.
1305 2445 1408 2508 Mane

282 2557 389 2608 autem
406 2543 503 2621 facto,
523 2543 726 2630 procedente
738 2543 809 2631 regi
823 2541 863 2606 ad
881 2541 1049 2606 matutinis
1063 2566 1100 2607 ac
1116 2555 1278 2630 preeunte
1291 2569 1406 2625 cereo,
1428 2572 1454 2610 aa

281 2647 371 2710 visus
391 2657 442 2708 est
457 2644 555 2708 bomo
574 2643 667 2731 quasi
685 2644 826 2708 ebreusl
844 2643 876 2706 in
898 2644 1018 2734 angulo
1039 2643 1186 2708 oraturio
1206 2645 1406 2725 dormitare,

284 2759 440 2811 accentus
456 2745 582 2835 gladio,
603 2746 696 2809 cuius
715 2759 783 2810 asta
803 2746 929 2834 pariete
951 2747 1211 2812 sustentabatur.
1231 2751 1301 2813 lloc
1318 2749 1406 2829 viso,

285 2874 342 2914 rex
362 2847 567 2926 exclamavit,
587 2847 714 2924 dicens,
736 2872 800 2912 non
821 2873 894 2912 esse
915 2847 1131 2936 sempliciter,
1149 2849 1319 2915 homiuem
1344 2852 1409 2917 sub

286 2954 348 3016 hoc
364 2952 503 3015 horrore
524 2949 632 3014 noctis
653 2950 709 3014 tali
731 2951 764 3013 in
785 2950 858 3015 loco
878 2951 1062 3040 quiescere.
1083 2953 1273 3040 Oppressus
1296 2966 1409 3019 autem

287 3066 318 3117 et
336 3053 423 3117 lores
444 3052 624 3128 revinctus,
641 3052 923 3143 interrogabatur,
942 3053 1022 3140 quid
1039 3053 1102 3117 sibi
1118 3055 1180 3118 hec
1196 3053 1324 3133 vellint,
1342 3080 1409 3144 que
1429 3083 1456 3121 25

287 3168 411 3246 ageret.
438 3157 506 3220 Nec
529 3180 617 3219 mora
640 3155 781 3243 suplicio
800 3155 979 3237 subdit[uS,
1002 3155 1082 3220 dicit
1102 3181 1137 3220 se
1158 3179 1174 3220 a
1194 3155 1328 3246 legatlis
1349 3161 1411 3247 qui

288 3258 500 3336 advenerant,
512 3256 669 3322 emissum
684 3258 797 3334 fuisse,
812 3270 847 3321 ut
861 3281 918 3321 rex
933 3257 1071 3322 deberet
1087 3258 1240 3323 interfici.
1253 3261 1411 3348 Denique

289 3358 481 3447 adprehinsi
498 3358 598 3448 legati
611 3358 855 3447 Fredegundis,
871 3359 953 3422 nihil
968 3359 1020 3440 [de
1041 3360 1104 3441 his]
1125 3384 1190 3449 quc
1209 3360 1412 3452 interrogati

291 3473 367 3524 sunt
383 3461 595 3539 confitentur,
615 3459 765 3525 dicentes
784 3488 790 3524 :
810 3488 825 3523 a
843 3464 911 3527 Nos
927 3460 1011 3525 nihil
1027 3462 1068 3526 ad
1084 3461 1172 3526 aliud
1190 3463 1325 3540 missus,
1344 3466 1411 3529 nisi

290 3562 506 3650 legacionem,
533 3586 629 3650 quam
650 3563 867 3652 sugessimus,
889 3563 1088 3628 deferemus.
1110 3590 1126 3625 »
1150 3563 1163 3653 Η
1184 3567 1278 3629 Tunc
1298 3564 1412 3631 homi·

291 3690 365 3730 nem
384 3663 476 3728 illum
496 3664 643 3729 deversis
660 3665 767 3755 plagis
786 3665 950 3729 adfectum
967 3679 999 3730 et
1021 3689 1153 3730 carcere
1169 3667 1411 3756 mancipatum,
1434 3699 1460 3737 aa

292 3767 420 3856 legatus
437 3791 497 3856 per
511 3766 638 3831 diversa
657 3767 728 3832 loca
743 3767 841 3831 exilio
859 3768 1106 3856 condempnare
1121 3769 1285 3857 precepit.
1304 3772 1414 3836 Mani·

292 3867 462 3932 festissimi
488 3869 575 3933 enim
602 3868 724 3956 patuit,
752 3871 814 3932 sub
837 3871 901 3934 hoc
924 3870 996 3933 loco
1019 3894 1034 3932 a
1059 3869 1281 3959 Fredegundc
1309 3871 1414 3938 fuisse

292 3969 452 4048 directus,
478 3983 512 4033 ut
533 3994 643 4059 regem
665 3969 853 4034 interficere
876 3971 1054 4050 deberent,
1073 3970 1161 4058 quod
1181 3969 1414 4038 misericordia

293 4072 428 4136 Doniini
454 4097 518 4136 non
541 4071 705 4160 permisit.
726 4074 817 4136 luter
837 4097 919 4162 quos
940 4073 1056 4137 Baddo
1077 4071 1188 4137 senior
1207 4072 1413 4140 habebatur.

308 4241 347 4348 bl..
362 4243 431 4288 Corr.
446 4241 581 4289 territurll.
596 4268 627 4277 -
637 4241 659 4287 2.
673 4243 744 4287 Corr.
759 4240 873 4304 effugiet.
882 4243 944 4288 -3.
956 4241 1005 4295 Sic,
1015 4258 1064 4304 pro
1077 4240 1246 4289 Nonnichius.
1257 4267 1288 4278 —
1302 4244 1325 4291 l.
1342 4246 1416 4292 Corr.

293 4317 306 4349 e
328 4319 389 4349 rius.
