2954 5010
342 366 507 414 HISTORIAE
525 367 728 416 FRANCORUM
745 369 845 419 LIBER
860 371 915 420 VII.
1160 378 1189 424 47

333 646 507 692 INCIPIUNT
522 647 681 693 CAPITULA
699 650 791 695 LIBRI
806 650 892 696 OCTA
899 651 938 696 VI.

222 818 248 882 l.
275 818 324 880 De
356 841 394 881 eo
423 818 511 905 quod
547 843 605 883 rex

316 918 498 983 Aurilianis
539 945 604 984 ve-

316 1020 378 1084 nit.

202 1124 243 1187 ll.
272 1122 423 1203 Qualiter
454 1122 485 1187 ei
514 1125 604 1211 epis-

315 1225 390 1314 copi
422 1226 606 1315 presentati

315 1340 404 1406 sunt,
420 1340 454 1391 et
464 1327 606 1416 qualiter

317 1435 389 1522 ipse
418 1434 604 1500 convivium

317 1537 518 1625 preparavit.

192 1641 248 1703 lll.
277 1641 325 1702 De
353 1640 545 1704 cantoribus
573 1652 605 1703 et

315 1754 453 1830 argento
494 1744 605 1806 Mum·

317 1844 409 1908 moli.

191 1948 246 2012 lV.
273 1949 358 2011 Laus
399 1946 603 2012 Childeber-

316 2048 365 2112 thi
382 2047 482 2137 regis.

205 2153 243 2217 V.
272 2153 321 2215 De
341 2149 500 2231 visiones,
522 2176 603 2240 quas
622 2218 637 2250 ο

316 2278 374 2317 rex
400 2253 450 2317 vel
476 2279 536 2318 nos
563 2254 603 2318 de

316 2355 499 2445 Chilpirico
525 2354 604 2420 vidi-

316 2483 400 2522 mus.

191 2561 245 2625 Vl.
272 2562 322 2624 De
346 2559 398 2624 his
421 2585 504 2649 quos
527 2586 603 2650 pre·

315 2676 528 2731 sentavrmus

172 2764 243 2829 Vll.
271 2766 321 2828 De
357 2765 493 2829 Paladio
532 2767 602 2853 epi-

314 2891 433 2956 scopo,
461 2866 603 2955 qualiter

313 2969 430 3033 missas
447 2969 542 3034 dixit.

154 3071 242 3136 Vlll.
270 3073 319 3134 De
352 3071 457 3162 signis
489 3084 602 3136 osten-

314 3198 371 3237 srs.

188 3276 243 3339 lX.
271 3277 320 3339 De
358 3289 602 3340 sacramento

314 3402 375 3467 pro
389 3378 457 3443 lilio
469 3377 601 3466 Chilpe-

314 3480 375 3544 rici
390 3481 478 3546 dato.

197 3582 237 3646 X.
266 3584 320 3646 De
361 3583 601 3671 corporibus

313 3685 516 3750 Merovehi
566 3699 603 3750 et

314 3787 532 3852 Chlodovehi.

185 3890 242 3952 Xl.
269 3889 602 3955 Deostiariisetinte-

313 3990 376 4057 rito
398 3994 533 4057 Boanti.

167 4095 242 4158 XII.
270 4095 319 4157 De
336 4094 491 4160 Teudoro
512 4095 601 4185 epis-

312 4218 395 4284 copo
430 4209 463 4261 et
504 4197 600 4286 plaga

906 845 1006 909 super
1044 824 1192 906 [lantha-

906 947 1004 987 rrum.

744 1025 833 1087 Xlll.
862 1027 914 1088 De
947 1025 1192 1114 legacionem

905 1128 1193 1192 Guntohranrni

906 1228 947 1292 ad
995 1229 1192 1294 Childeber-

903 1333 997 1396 thum
1013 1332 1193 1420 [di]recta.ll
1207 1353 1262 1400 Fol.
1276 1353 1330 1400 219.
1453 1367 1456 1371 ⁴
1470 1342 1474 1369 ³

748 1434 834 1500 XlV.
862 1436 911 1498 De
925 1435 1074 1521 periculo
1085 1435 1119 1499 in
1135 1433 1192 1498 flu-

905 1537 1005 1600 mine.

766 1639 835 1704 XV.
863 1640 912 1702 De
931 1641 1192 1704 conversione

904 1741 1078 1806 Vulfelaici
1100 1742 1148 1824 di[
1168 1749 1192 1824 ]·

905 1845 993 1907 coni.

748 1947 834 2011 XVl.
863 1947 906 2011 Et
928 1971 993 2034 que
1019 1948 1060 2012 de
1088 1947 1192 2013 virtu-

903 2049 1011 2113 tibus
1063 2052 1192 2115 sancti

903 2151 1037 2215 Martini
1064 2153 1189 2223 retulit.

730 2253 832 2317 XVll.
862 2254 910 2315 De
929 2252 1035 2342 signis
1052 2279 1116 2342 que
1132 2280 1190 2344 ap·

904 2370 1099 2442 paruerunt.

712 2457 831 2521 XVlll.
860 2456 957 2537 Quod
991 2458 1189 2524 Childeber-

903 2560 980 2622 thus
1003 2560 1037 2623 in
1062 2561 1191 2626 ltaliam

902 2660 1025 2726 direxit
1064 2663 1191 2728 exerci-

902 2777 986 2843 tum,
1009 2767 1112 2853 etqui
1129 2768 1190 2831 du-

871 2869 873 2874 ’
904 2890 958 2929 ces
981 2867 1032 2930 vel
1052 2868 1190 2932 comites

902 2980 957 3031 aut
978 2965 1190 3053 insti[tu]te

902 3082 994 3133 sunt
1032 3084 1097 3135 aut
1128 3097 1190 3136 re·

902 3184 1002 3236 mote.

695 3274 829 3339 XVllll.
857 3275 906 3336 De
926 3273 1062 3339 interitu
1081 3276 1189 3340 Daulfi

902 3376 1042 3442 abbatis.

760 3479 832 3543 XX.
859 3482 931 3561 Que
943 3479 977 3543 in
989 3481 1106 3545 sinodo
1122 3484 1189 3546 Ma·

900 3594 1085 3665 tesccnse
1118 3597 1189 3649 acta

902 3698 990 3749 sunt.

742 3786 829 3850 XXl.
858 3788 907 3850 De
945 3788 1068 3875 placito
1110 3790 1188 3854 Bel·

902 3913 1047 3955 sonanco
1081 3904 1114 3956 et
1146 3893 1188 3956 de

902 3993 1079 4080 sepulchro
1118 3994 1188 4059 vio·

902 4094 979 4160 lato.

723 4200 827 4264 XXll.
855 4203 903 4265 Dc
933 4200 1024 4266 obito
1055 4203 1185 4292 episco-

1208 651 1236 698 C.
1249 652 1366 698 373-374.
