2954 5010
312 379 343 426 62
592 374 751 424 Garatonii
770 374 980 424 Ttaoxnxsrs
998 372 1150 423 Errscort

314 494 433 582 sipata.
451 493 542 558 Flevi
561 493 787 568 vehementer,
804 491 862 557 scd
878 491 1009 581 erigere
1027 491 1163 580 nequim'
1181 515 1249 581 que
1270 490 1432 556 distraxe-

315 609 405 675 rant,
431 619 472 660 ne
498 594 628 660 dicerer
653 593 839 659 contrarius
866 593 1073 658 iussionibus
1092 594 1312 660 sacerdotum
1325 621 1334 673 ;
1349 607 1383 659 et
1398 618 1433 658 ex

315 701 395 777 hoc,
417 697 502 763 sicut
531 720 619 762 nunc
643 696 770 778 habito,
796 720 871 761 cum
896 696 1054 761 fratribus
1080 697 1234 761 habitare
1258 709 1432 762 contentus

315 825 401 866 sum.
417 828 435 863 »

358 1039 444 1104 XVI.
468 1036 529 1102 Cui
544 1059 619 1101 cum
634 1036 675 1101 de
689 1035 866 1099 virtutibus
885 1035 973 1098 beati
987 1034 1135 1113 Martini,
1153 1059 1237 1124 quas
1257 1036 1293 1100 in
1309 1060 1350 1101 eo
1368 1036 1433 1102 loco
1455 1071 1464 1109 5

315 1154 471 1231 operatus
485 1151 548 1217 est,
563 1136 707 1226 aliquam
722 1150 756 1200 ut
776 1135 960 1201 declararet
975 1135 1201 1225 exposcirem¹
1217 1138 1284 1207 hec
1301 1136 1431 1203 retulit:

316 1240 472 1308 «Franci
499 1238 670 1305 cuiusdam
699 1250 732 1303 et
758 1237 961 1303 nobilissimi
987 1239 1020 1302 in
1049 1251 1150 1329 gente
1176 1262 1234 1304 sua
1262 1239 1327 1304 viri
1354 1239 1434 1304 filius

316 1358 426 1410 mutus
446 1343 634 1431 surdusque
656 1354 745 1421 erat3
768 1340 999 1429 adductusque
1023 1365 1041 1404 a
1063 1341 1263 1429 parentibus
1286 1343 1329 1407 ad
1356 1343 1434 1408 hanc

315 1445 499 1523 basilicam,
525 1444 607 1509 inssi
630 1467 799 1509 eumcum
822 1443 963 1508 diacono
983 1466 1056 1507 meo
1080 1442 1202 1508 etalio
1226 1445 1387 1510 ministro
1405 1445 1434 1509 in

315 1549 422 1637 ipsum
439 1546 598 1634 templum
615 1558 765 1611 sanctum
782 1545 815 1609 in
834 1545 957 1610 lectulo
975 1546 1198 1634 requiescere.
1213 1549 1257 1612 Et
1276 1573 1340 1637 per
1353 1548 1464 1620 diem„

316 1651 451 1741 quidem
469 1648 619 1714 oracioni
641 1650 787 1726 vacabat,
810 1659 907 1712 nocte
929 1660 1039 1712 autem
1057 1649 1091 1712 in
1110 1649 1197 1736 ipsa,
1217 1662 1255 1714 ut
1280 1650 1432 1729 diximus,

315 1754 376 1833 cde
393 1751 589 1817 dormiebat.
613 1751 821 1839 Quandoque
840 1750 994 1814 misertus
1011 1753 1112 1829 Deus,
1129 1754 1287 1840 apparuit
1303 1754 1388 1819 mihi
1406 1755 1432 1818 in

315 1854 442 1920 visione
458 1855 574 1918 beatus
586 1853 747 1918 Martinus
766 1853 881 1917 dicens
898 1878 904 1919 :
924 1879 940 1914 a
960 1852 1067 1917 Eiecae
1081 1877 1205 1942 agnum
1221 1854 1264 1919 de
1281 1856 1432 1936 basilica,

316 1958 393 2047 quia
416 1958 478 2020 iam
497 1980 597 2019 sanus
618 1957 702 2019 est2.
725 1982 742 2016 n
766 1957 863 2020 Mane
884 1968 993 2020 autem
1013 1955 1112 2036 sacto,
1133 1957 1323 2048 cogitandi]
1346 1959 1432 2038 mihi,

316 2058 405 2148 quod
431 2071 519 2123 esset
545 2059 610 2123 hoc
639 2057 817 2135 somnium,
839 2057 930 2122 venit
952 2057 993 2122 ad
1022 2083 1074 2123 me
1102 2083 1198 2147 puer,
1227 2073 1262 2126 et
1282 2062 1461 2130 emittensn

315 2186 441 2241 vocem,
456 2160 586 2251 gracias
605 2183 703 2249 agere
721 2161 791 2223 Deo
811 2160 934 2249 coepit,
955 2184 1202 2250 conversusque
1217 2162 1260 2227 ad
1282 2188 1348 2244 me,
1367 2167 1430 2230 ait:

318 2290 333 2327 u
351 2265 489 2329 Gracias
507 2287 570 2353 ago
588 2265 659 2327 Deo
676 2263 918 2350 omnipotente,
938 2262 995 2351 qui
1018 2264 1098 2327 mihi
1117 2277 1151 2327 et
1170 2264 1346 2354 eloquium
1364 2269 1432 2334 red·

316 2366 409 2431 dedit
427 2365 630 2430 etauditum.
647 2390 663 2425 n
679 2365 802 2428 Exhoc
816 2388 916 2429 sanus
933 2364 1095 2444 reditus³,
1112 2364 1154 2429 ad
1173 2364 1313 2432 domurn
1325 2368 1429 2434 rediit.

316 2469 410 2534 Alius
430 2492 519 2547 vcro,
542 2466 600 2556 qui
622 2466 817 2555 plerumque
842 2467 875 2530 in
903 2465 997 2530 furtis
1021 2467 1232 2557 diversisque
1253 2470 1431 2537 sceleribus
1469 2520 1471 2531 .

176 2594 230 2643 rol.
246 2596 298 2642 232,
317 2570 525 2647 commixtus,
539 2566 708 2657 periurare
719 2581 946 2646 consueverat,
965 2567 979 2658 Η
996 2592 1069 2633 cum
1081 2569 1289 2658 aliquandoa
1304 2550 1471 2662 quibus-n¹

317 2670 392 2735 dam
410 2693 472 2758 pro
493 2669 580 2732 furto
606 2666 807 2757 argueritur,
828 2668 873 2732 ait
904 2694 911 2731 ε
940 2696 956 2731 a
987 2671 1046 2733 lbo
1074 2669 1115 2733 ad
1147 2669 1324 2738 basilicam
1353 2673 1431 2740 beati

317 2771 468 2849 Martini,
492 2782 526 2834 et
549 2769 765 2834 sacramentis
791 2795 842 2834 me
872 2794 1030 2850 exsuens,
1059 2770 1222 2837 innocens
1242 2775 1395 2841 reddam.
1417 2803 1430 2837 1>

317 2877 391 2956 Quo
413 2871 637 2964 ingrediente,
663 2871 774 2961 elapsa
799 2896 916 2937 secure
943 2872 985 2936 de
1013 2898 1109 2939 manu
1135 2877 1219 2962 ejus,
1245 2877 1290 2941 ad
1308 2892 1430 2945 usteun

318 2975 395 3055 ruit,
414 2976 506 3066 gravi
515 2974 625 3039 cordis
638 2973 753 3038 dolore
763 2974 949 3062 perculsus.
963 2976 1255 3065 C0n[les]susque⁴
1271 2993 1324 3043 est
1341 2982 1431 3045 miser

316 3079 426 3144 verbis
445 3076 592 3166 propriis
606 3101 671 3166 que
684 3090 819 3142 venerat
830 3101 1005 3142 excussare
1017 3079 1030 3123 5
1043 3077 1209 3167 periuriis.
1229 3079 1327 3146 Alius
1340 3080 1428 3148 simili
1440 3112 1456 3151 n

318 3181 416 3246 modo
440 3204 513 3244 cum
539 3179 579 3244 de
601 3178 768 3244 incendiis
790 3179 911 3244 domus
933 3179 1034 3244 vicini
1058 3179 1108 3244 sui
1136 3183 1341 3269 argueritur,
1364 3184 1427 3250 ait:

319 3285 479 3351 «Vadam
499 3283 540 3348 ad
561 3282 721 3370 templum
748 3280 854 3346 sancti
879 3281 1027 3360 Martini,
1054 3294 1088 3346 et
1114 3281 1178 3346 fide
1201 3282 1294 3366 data,
1323 3286 1428 3352 insons

319 3385 485 3449 rediturus
501 3410 557 3450 ero
573 3385 613 3449 ab
630 3384 693 3449 lroc
712 3382 864 3448 crimine.
884 3411 901 3447 »
919 3384 1132 3448 Manifestum
1149 3387 1339 3471 eratenim,
1351 3391 1428 3455 hunc

319 3487 453 3552 domurn
470 3487 559 3551 illam
577 3485 731 3552 incendio
747 3509 988 3552 concremasse.
1003 3486 1130 3552 Abiens
1147 3500 1256 3552 autern
1271 3490 1314 3555 ad
1333 3515 1427 3557 sacra·

319 3602 429 3654 menta
450 3590 571 3669 danda,
592 3613 772 3654 conversus
793 3590 834 3652 ad
855 3613 941 3667 eum,
961 3588 1029 3653 dixi
1046 3589 1077 3653 ei
1097 3615 1103 3654 :
1126 3616 1142 3652 a
1163 3592 1335 3672 Quantum
1359 3593 1455 3662 vici-s

318 3716 435 3756 norum
461 3706 592 3757 tuorum
626 3691 729 3756 dictat
755 3691 911 3772 assercio,
940 3716 1006 3757 non
1036 3690 1100 3757 eris
1122 3692 1288 3760 innocens
1312 3697 1429 3762 abhoc

319 3793 461 3875 scelere3
483 3795 541 3860 sed
562 3808 672 3859 tamen
697 3796 786 3858 Deus
803 3793 927 3882 ubique
951 3808 1012 3875 est,
1033 3808 1066 3859 et
1081 3796 1184 3860 virtus
1205 3795 1278 3862 eius
1299 3799 1373 3888 ipse
1389 3809 1431 3864 est

319 3895 515 3983 lorinsecus,
543 3922 606 3986 que
633 3897 775 3961 habetur
798 3896 1011 3962 intrinsecus.
1038 3900 1161 3962 Tamen
1185 3896 1211 3961 si
1232 3898 1280 3965 ita
1303 3914 1338 3966 te
1360 3923 1429 3967 vana

350 4176 372 4222 l.
388 4178 460 4223 Corr.
475 4189 652 4236 exposcerem.
669 4173 731 4218 -2.
746 4174 817 4219 corr.
833 4173 917 4220 lactus
930 4180 976 4221 est.
989 4200 1019 4210 -·
1032 4176 1055 4222 3.
1069 4177 1140 4222 Corr.
1152 4173 1282 4225 redditus.
1293 4204 1324 4216 -
1336 4180 1360 4228 4.
1370 4181 1430 4228 Corn

319 4239 513 4298 confessusque.
529 4262 559 4270 --
570 4239 592 4282 5.
605 4237 675 4283 Corr.
688 4249 821 4281 excusare.
