2954 5010
280 383 325 429 202
560 379 717 430 Gauuoalt
735 381 945 430 TURONENSIS
963 381 1113 429 urtscort

1462 228 1471 283 :l

281 519 433 578 proximts
449 520 524 558 suis
546 498 632 556 Sedit
649 510 747 556 autem
764 517 860 556 annos
879 500 968 568 duoS,
989 517 1110 556 menses
1126 518 1198 556 sex
1192 498 1351 577 ob11tque
1365 511 1388 556 et
1462 470 1471 543 ³·-

284 592 422 670 sepultus
438 591 531 649 estin
547 590 674 648 basilica
691 591 787 648 sancti
804 591 939 649 Martini.
1463 552 1471 651 l

325 685 457 759 Quintus
475 684 612 742 decimus
634 684 817 754 Iniuriosus‚
839 685 916 742 civis
935 684 1122 754 Turonicus,
1141 684 1208 741 de
1200 637 1389 741 inferioribus
1462 678 1471 755 l

284 779 407 882 quidem
434 778 558 857 populi,
586 778 740 858 ingenuus
768 790 880 835 tzimen
911 778 1048 836 Huiust
1036 790 1175 855 tempore
1203 775 1389 836 Chrodieldis
1463 758 1471 819 l

285 870 393 950 regina
407 872 540 930 transiit.
560 871 619 929 Hic
633 871 861 949 peraedificavit
876 870 1036 929 ecclesiam
1052 883 1174 928 sanctae
1193 869 1309 927 Mariae
1324 869 1390 926 infra
1413 896 1422 933 5
1462 856 1471 949 l

286 985 390 1023 muros
410 965 497 1023 urbis
517 965 698 1023 Turonicae.
725 964 825 1022 lluius
847 976 985 1042 tempore
1006 976 1035 1022 et
1055 964 1184 1021 basilica
1205 962 1303 1021 sancti
1323 962 1390 1019 Ger-

144 1059 538 1124 Col.535.mmiaed1ficata
556 1071 612 1116 est.
633 1057 699 1114 Vici
720 1057 1003 1115 etiamNoviliacus
1023 1055 1268 1136 etssLucrltacus
1289 1055 1391 1113 fundati
1468 1072 1471 1113 ῑ

287 1164 369 1210 sunt.
388 1152 445 1209 llic
462 1151 594 1209 instituit
608 1151 728 1208 tertiam
747 1163 777 1208 θῖ
792 1163 908 1209 sextam
927 1151 958 1207 in
976 1151 1106 1209 ecclesia
1124 1150 1197 1219 dici,
1215 1150 1391 1228 quodmodo
1468 1210 1471 1215 ¹

287 1246 318 1302 in
338 1245 393 1302 Dei
411 1245 533 1302 nomine
549 1256 739 1323 perseverat.
761 1243 848 1302 Sedit
865 1258 963 1303 autem
982 1264 1079 1302 annos
1098 1243 1266 1312 sexdecim,
1284 1259 1391 1298 menses

287 1338 439 1406 undecim,
464 1337 530 1395 dies
552 1336 662 1416 viginti
686 1357 757 1407 sex3
783 1337 920 1416 obiitque
945 1350 974 1396 et
997 1337 1136 1416 sepultus
1159 1348 1207 1394 est
1228 1334 1261 1393 in
1281 1333 1393 1393 basilica
1407 1359 1425 1396 u

288 1431 386 1488 sancti
402 1429 538 1487 Martini.

329 1523 440 1581 Sextus
471 1524 606 1582 decimus
637 1522 796 1581 Baudinus
824 1543 860 1580 ex
887 1524 1097 1581 referendario
1124 1521 1297 1586 Chlotharii
1322 1519 1393 1598 regis

288 1616 448 1674 ordinatur
466 1617 644 1695 episcopuS,
667 1616 783 1674 habens
804 1628 833 1674 et
850 1617 941 1686 filios,
961 1617 1065 1675 multis
1085 1614 1264 1674 elemosinis
1285 1612 1394 1692 praedi·

288 1721 348 1767 tus
368 1709 484 1767 Aurum
503 1710 603 1778 etiam,
624 1710 707 1787 quod
725 1710 872 1766 decessor
890 1709 956 1767 eius
973 1709 1151 1787 reliquerat,
1168 1707 1301 1785 amplius
1318 1723 1394 1784 quam

288 1802 398 1880 viginti
427 1801 507 1859 milia
535 1801 717 1872 solidorum,
748 1802 936 1879 pauperibus
964 1802 1113 1880 erogavit.
1142 1800 1244 1859 Huius
1272 1813 1395 1877 tempore
1410 1824 1427 1861 a

289 1894 366 1951 alter
379 1895 465 1951 vicus
481 1895 658 1953 Noviliacus
674 1895 850 1953 aedificatus
868 1907 924 1952 est.
944 1894 1001 1952 Hic
1018 1894 1151 1952 instituit
1163 1913 1301 1951 mensam
1317 1910 1396 1949 cano·

290 1988 439 2044 nicarum.
466 1986 552 2044 Sedit
574 2000 672 2045 autem
694 2008 790 2045 annos
812 1987 960 2065 quinque,
982 2007 1104 2045 menses
1127 1988 1251 2058 decem;
1274 1985 1396 2062 obiitque

291 2093 321 2138 et
336 2079 475 2157 sepultus
492 2093 539 2138 est
556 2080 586 2136 in
604 2079 732 2137 basilica
748 2081 843 2137 sancti
861 2080 996 2138 Martini.

332 2173 487 2250 Septimus
515 2172 652 2231 decimus
683 2160 872 2231 Guutliarius
900 2193 936 2230 ex
964 2174 1071 2230 abbate
1098 2172 1279 2230 monasterii
1307 2167 1396 2228 Sancti

290 2266 420 2324 Venanti
442 2267 602 2323 ordinatur
626 2266 804 2344 episcopus
832 2267 878 2323 vir
901 2266 989 2324 valde
1015 2267 1164 2344 prudens
1192 2267 1264 2323 dum
1291 2261 1397 2321 abbatis
1412 2288 1430 2327 a

291 2363 470 2438 fungeretur
486 2359 628 2427 alliciam,
645 2371 675 2416 ct
691 2359 814 2436 saepius
832 2359 1003 2438 legationes
1018 2358 1206 2436 interreges
1223 2359 1398 2415 Francorum

293 2452 418 2509 faciens.
440 2452 606 2530 Postquam
627 2464 725 2509 autem
744 2452 911 2529 episcopus
930 2452 1089 2509 ordinatus
1108 2464 1165 2520 est,
1184 2452 1258 2509 vino
1276 2449 1397 2514 deditus,

293 2564 388 2622 paene
405 2544 536 2602 stolidus
555 2544 707 2621 apparuit.
726 2545 809 2618 Quae
824 2564 876 2601 res
892 2563 959 2601 eum
977 2544 1008 2600 in
1025 2556 1140 2602 tantum
1158 2556 1307 2601 amentem
1323 2541 1399 2599 sacie-

293 2640 353 2706 bat,
371 2650 403 2695 ut
416 2638 571 2707 convivas,
587 2658 665 2714 quos
681 2639 758 2694 bene
772 2650 910 2706 noverat,
928 2638 1070 2714 nequiret
1083 2656 1254 2716 agnoscere
1264 2661 1271 2706 ;
1288 2635 1400 2712 saepius

292 2744 392 2789 tamen
415 2750 468 2787 eos
491 2731 638 2787 conviciis
661 2732 771 2808 agebat
794 2743 824 2788 et
845 2730 1055 2808 improperiis
1083 2729 1169 2787 Sedit
1192 2742 1292 2787 autem
1314 2745 1400 2786 annos
1415 2745 1434 2784 aa

293 2825 382 2892 duoS,
400 2842 522 2880 menses
540 2824 656 2892 decem,
674 2825 739 2881 dies
757 2824 868 2901 viginti
884 2825 972 2880 duos¹
992 2824 1080 2881 Obiit
1096 2835 1207 2892 autem,
1224 2835 1254 2880 et
1272 2821 1400 2900 sepultus

293 2917 383 2974 estin
398 2915 524 2974 basilica
540 2916 637 2974 sancti
658 2916 793 2973 Martini.
811 2916 1014 2994 Cessavitque
1030 2915 1229 2994 episcopatus
1245 2936 1324 2973 anno
1336 2933 1399 2973 uno.

334 3010 468 3069 Octavus
487 3011 623 3067 decimus
643 3009 811 3068 Eulronius
825 3011 982 3088 presbiter
999 3010 1161 3068 ordinatur
1176 3010 1354 3088 episcopus,
1373 3025 1403 3063 cx

293 3122 407 3182 genere
424 3102 487 3171 illo,
506 3105 587 3180 quod
602 3103 746 3181 superius
760 3114 919 3160 senatores
932 3103 1188 3181 nuncupavimus,
1205 3103 1254 3161 vir
1269 3100 1402 3181 egregiae

294 3195 476 3264 sanctitatis
502 3196 539 3250 ab
567 3195 689 3252 ineunte
718 3208 814 3253 aetate
841 3194 984 3253 clericus.
1013 3195 1112 3253 Huius
1139 3206 1278 3273 tempore
1305 3193 1402 3251 civitas
1417 3209 1437 3248 aa

294 3287 447 3345 Turonica
463 3307 530 3345 cum
545 3287 687 3345 omnibus
705 3287 845 3345 ecclesiis
859 3308 969 3366 magno
985 3287 1129 3345 incendio
1143 3300 1334 3345 concremata
1347 3298 1401 3356 est;

294 3382 466 3459 dequibus
489 3381 556 3458 ipse
579 3393 687 3458 postea
708 3382 783 3438 duas
807 3382 971 3460 reparavit,
997 3382 1115 3440 tertiam
1140 3381 1294 3438 seniorem
1316 3379 1403 3438 relin-

153 3489 207 3538 σοι,
224 3491 277 3538 536.
295 3493 393 3552 quens
402 3475 564 3530 desertam.
581 3473 692 3530 Postea
703 3493 776 3531 vero
789 3474 916 3532 basilica
930 3475 1026 3532 sancti
1036 3474 1174 3555 Marlltini
1188 3486 1218 3532 et
1230 3473 1299 3552 ipsa
1311 3474 1403 3530 incen-

295 3567 345 3624 dio
360 3579 407 3624 est
417 3567 525 3624 adusta
537 3587 594 3644 per
606 3566 853 3638 Wiliacharium,
866 3588 933 3625 cum
949 3568 989 3624 ibi
1005 3567 1180 3646 coniugium
1194 3587 1253 3645 pro
1267 3562 1403 3626 Chramni

296 3661 449 3738 quondam
474 3659 733 3718 circumventione
758 3661 897 3731 fecisset3
925 3681 1014 3739 quam
1039 3674 1147 3738 postea
1170 3660 1251 3717 idem
1277 3659 1404 3737 pontifex
1419 3674 1440 3712 aa

296 3753 371 3810 texit
386 3765 506 3831 stagn0,
526 3752 695 3828 opitulante
714 3773 787 3832 rege
804 3754 994 3812 Chlothario.
1016 3753 1115 3811 Huius
1133 3765 1272 3830 tempore
1288 3751 1404 3809 basilica

297 3847 393 3904 sancti
401 3844 543 3902 Vincenti
556 3846 712 3904 aedificata
721 3860 777 3904 est.
788 3847 978 3917 TaurisiacO,
988 3846 1096 3905 Cerate
1109 3859 1138 3904 et
1150 3845 1323 3904 Orbaniaco
1335 3842 1403 3903 vicis

297 3939 444 3998 ecclesiae
460 3939 633 3996 aedificatae
650 3951 731 3996 sunt.
750 3938 836 3998 Sedit
851 3954 950 3999 autem
965 3960 1062 3997 annos
1079 3938 1310 4018 septemdecim,
1324 3935 1403 3994 obiit·

298 4054 356 4112 que
374 4044 471 4090 aetate
487 4033 733 4111 septuagenaria,
753 4045 782 4091 et
798 4035 937 4112 sepultus
955 4047 1001 4091 est
1020 4034 1049 4089 in
1068 4032 1196 4091 basilica
1214 4031 1312 4090 sancti
1329 4030 1403 4087 Mar·

298 4127 365 4185 tini.
384 4127 587 4204 Cessavitque
603 4127 799 4204 episcopatus
816 4128 882 4185 dies
897 4127 1118 4185 novemdecim.
1418 4137 1439 4176 4⁰

339 4223 445 4282 Nonus
461 4221 598 4279 decimus
614 4220 787 4298 Gregorius
803 4241 860 4299 ego
877 4221 1023 4299 indignus
1039 4218 1200 4277 ecclesiam
1217 4217 1303 4276 urbis
1318 4216 1402 4273 Tura·
