2954 5010
304 364 349 411 196
585 365 742 414 Gundotut
761 365 969 413 Tunoxssn'sts
989 366 1137 414 episcopt

306 503 400 560 super
417 503 539 559 equum,
560 502 648 559 quem
665 483 801 550 sedebat,
819 494 910 559 caput
925 481 1088 551 inclinans,
1110 503 1218 541 manus
1238 483 1378 540 extendit
1392 484 1429 538 ad

306 576 481 634 Dominum.
498 576 715 634 Consummata
725 595 799 632 xero
813 576 963 644 oratione,
976 575 1076 632 divisa
1092 588 1140 633 est
1154 576 1247 634 nubis
1261 577 1293 633 in
1310 577 1429 633 duabus

304 668 455 746 partibus,
479 669 562 725 acin
582 668 712 726 circuitu
727 688 833 726 eorum
850 668 991 725 immanis
1011 667 1172 725 descendit
1190 668 1314 746 pluvia;
1336 687 1430 745 super

305 781 358 818 eos
374 773 473 818 tamen
493 760 575 818 nulla
593 760 749 818 stillicidia
768 773 853 839 gutta
870 760 1040 817 descendit.
1060 761 1283 819 Wistrimundi
1305 779 1429 840 quoque

304 866 508 932 cognomento
538 853 677 911 Tattonis
702 854 779 912 civis
808 852 955 911 Turonici
981 855 1090 910 dentes
1114 854 1252 932 graviter
1277 854 1430 912 inferebat
1459 872 1467 909 a

304 947 453 1016 dolorem,
471 967 508 1004 ex
525 967 586 1024 quo
602 947 691 1004 etiam
708 945 830 1004 maxilla
843 946 1037 1003 intumuerat.
1052 947 1141 1019 Quod
1159 967 1228 1004 cum
1245 949 1336 1006 beato
1348 943 1428 1026 viroll

165 1047 220 1096 Col.
233 1051 287 1098 525.
305 1053 432 1118 questus
451 1040 569 1108 luisset,
587 1060 708 1097 manum
724 1060 819 1118 super
833 1039 932 1097 locum
950 1038 1068 1097 doloris
1086 1040 1245 1118 imposuit,
1263 1042 1427 1120 statimque

304 1135 393 1191 dolor
415 1136 537 1212 fugatus
555 1145 613 1204 est,
636 1153 787 1211 nusquam
808 1133 955 1212 deinceps
976 1133 1014 1190 ad
1033 1132 1175 1190 iniuriam
1193 1132 1332 1193 hominis
1348 1136 1427 1194 exci-

303 1239 383 1286 tatus
401 1240 458 1285 est.
479 1226 561 1284 llaec
580 1226 648 1304 ipse
671 1226 723 1304 qui
743 1246 855 1304 passus
879 1239 926 1284 est
943 1224 1057 1282 retulit.
1083 1226 1129 1283 De
1149 1224 1198 1284 his
1217 1245 1295 1285 vero
1314 1227 1425 1307 signis,

303 1341 380 1398 quae
394 1341 450 1398 per
463 1321 607 1378 virtutem
626 1319 723 1378 sancti
743 1319 852 1377 luliani
869 1317 1015 1396 martyris
1031 1318 1218 1396 Martinique
1235 1322 1426 1380 confessoris
1446 1338 1466 1376 1⁰

302 1413 382 1471 beati
403 1414 434 1471 in
452 1413 518 1471 eius
540 1412 681 1470 manibus
702 1413 853 1471 Dominus
871 1425 1016 1491 operatus
1034 1425 1092 1481 est,
1113 1411 1263 1490 pleraque
1284 1411 1318 1470 in
1337 1415 1425 1474 libris

301 1505 533 1575 Miraculorum,
548 1506 709 1584 sicutipse
726 1505 833 1564 effatus
847 1519 905 1576 est,
924 1505 1118 1584 scripsimus.
1138 1505 1216 1564 Post
1230 1505 1287 1564 has
1305 1528 1380 1566 vero
1398 1522 1426 1567 et

301 1600 411 1658 multas
426 1599 502 1657 alias
520 1599 662 1668 virtutes,
682 1619 770 1677 quas,
786 1598 913 1658 Christo
929 1611 1125 1677 cooperante,
1142 1598 1323 1677 complevit,
1337 1603 1424 1660 adve-

300 1693 346 1751 nit
367 1692 510 1751 Turonus
532 1705 604 1770 post
628 1692 822 1750 festivitatem
849 1692 946 1750 sancti
969 1691 1113 1762 Martini,
1137 1691 1244 1770 ibique
1267 1693 1423 1771 paululum

300 1799 517 1854 commoratus,
529 1785 606 1842 dixit
621 1785 711 1843 nobis
730 1805 762 1843 se
780 1785 861 1843 haud
881 1785 1031 1864 longaevo
1047 1797 1184 1862 tempore
1201 1785 1302 1844 adhuc
1320 1787 1352 1844 in
1368 1787 1422 1845 hoc
1441 1803 1461 1841 15

300 1880 414 1936 mundo
445 1878 578 1936 retinere
612 1891 663 1936 aut
691 1891 773 1935 certe
804 1877 941 1936 velocius
969 1877 1117 1949 dissolvi;
1146 1890 1176 1935 et
1203 1879 1272 1936 vale
1300 1880 1419 1950 dicenS,

299 1971 466 2039 abscessit,
487 1970 602 2048 gratias
622 1990 718 2048 agens
744 1972 822 2039 Deo,
845 1972 944 2048 quod,
965 1971 1146 2049 priusquam
1167 1970 1285 2040 obiret,
1317 1973 1420 2050 sepul-

216 2100 221 2107 ·
299 2063 406 2120 cbrum
432 2063 512 2120 beati
539 2063 686 2120 antistitis
709 2062 849 2120 osculare
876 2063 1056 2141 promeruit.
1087 2061 1226 2140 Cumque
1251 2065 1290 2121 ad
1317 2064 1419 2122 cellam

298 2176 383 2215 suam
411 2156 610 2224 accessisset,
640 2168 821 2214 testamento
855 2156 995 2225 condito,
1031 2155 1181 2213 ordinatis
1214 2157 1359 2215 omnibus
1388 2178 1419 2214 ac

298 2263 403 2308 sancto
435 2249 569 2306 Martino
606 2248 786 2326 Hilarioque
825 2248 1015 2307 antistitibus
1050 2247 1217 2306 heredibus
1253 2249 1454 2319 institutiS,ao

296 2355 456 2421 aegrotare
481 2342 584 2420 coepit
605 2362 639 2399 ac
661 2341 864 2399 dissenteriae
892 2343 1000 2400 morbo
1023 2341 1156 2419 gravari.
1179 2341 1273 2399 Sexta
1299 2363 1417 2421 quoque

296 2434 516 2514 aegrotationis
535 2435 600 2492 eius
623 2434 672 2491 die
693 2433 813 2503 mulier,
833 2455 910 2512 quae
929 2435 967 2492 ab
986 2434 1097 2512 spiritu
1115 2433 1274 2493 immundo
1296 2436 1416 2515 saepius

295 2541 402 2586 vexata
415 2550 431 2585 a
444 2541 549 2586 sancto
563 2527 721 2585 emundari
736 2547 796 2584 non
812 2539 944 2606 poterat,
958 2526 1133 2605 ligatisper
1144 2547 1178 2585 se
1194 2548 1210 2585 a
1224 2541 1315 2607 tergo
1329 2530 1415 2586 mani·
1449 2518 1454 2527 ⁸

296 2622 364 2690 bus,
383 2621 514 2678 clamare
533 2621 635 2698 coepit
652 2641 686 2678 ac
707 2620 834 2678 dicere:
862 2645 876 2676 (ι
899 2621 1022 2679 Currite
1042 2620 1138 2690 cives,
1159 2620 1281 2679 exsilite
1301 2623 1412 2701 populi,

296 2715 374 2772 exite
390 2713 510 2771 obviam
522 2713 709 2790 martyribus
723 2713 1029 2791 confessoribusque,
1045 2713 1097 2791 qui
1112 2714 1149 2770 ad
1166 2734 1329 2773 excessum
1341 2715 1414 2772 beati
1428 2733 1448 2770 25

294 2807 396 2865 Aridii
419 2807 614 2864 conveniunt.
639 2806 717 2864 Ecce
744 2808 831 2864 adest
853 2806 988 2864 lulianus
1011 2827 1028 2864 a
1048 2805 1188 2876 Brivate,
1214 2807 1359 2867 Privatus
1380 2829 1413 2866 ex

295 2900 430 2968 Mimate,
448 2899 600 2956 Martinus
614 2899 785 2957 aTuronus
798 2898 1011 2977 Martialisque
1027 2900 1064 2956 ab
1078 2901 1153 2957 urbe
1166 2901 1307 2978 propria.
1323 2901 1413 2959 Adest

295 2992 480 3051 Saturninus
502 3012 518 3048 a
541 2991 665 3060 Tolosa,
685 2991 857 3069 Dionysius
876 2993 914 3049 ab
936 2994 1012 3050 urbe
1038 2992 1210 3061 Parisiaca,
1232 2994 1370 3053 nonnulli
1386 3005 1412 3051 et

293 3086 356 3155 alii,
367 3106 446 3164 quos
463 3084 579 3143 eaelum
591 3084 714 3153 retinet,
728 3105 806 3162 quos
821 3105 878 3142 vos
892 3097 924 3143 ut
939 3086 1135 3143 consessores
1147 3098 1177 3143 et
1192 3085 1251 3143 Dei
1267 3100 1410 3165 martyres

293 3179 438 3236 adoratis.
463 3202 476 3232 u
504 3177 587 3234 Haec
614 3197 680 3235 cum
711 3177 741 3234 in
768 3177 895 3235 exordio
922 3178 1022 3235 noctis
1050 3178 1182 3236 clamare
1207 3180 1372 3258 coepisset,
1396 3195 1443 3236 aa

292 3273 416 3329 domino
436 3292 491 3329 suo
507 3270 644 3328 revincta
662 3283 708 3328 est
718 3295 725 3341 ;
747 3272 800 3328 sed
817 3291 1008 3348 nequaquam
1026 3271 1124 3348 potuit
1140 3272 1311 3330 continere.
1333 3273 1409 3345 Quae

291 3384 437 3442 rumpens
459 3363 594 3431 vincula,
618 3363 656 3419 ad
681 3363 898 3421 monasterium
925 3383 992 3421 cum
1016 3363 1065 3421 his
1091 3363 1221 3421 vocibus
1243 3384 1408 3443 properare

292 3457 410 3534 coepit3
428 3477 558 3533 moxque
575 3457 681 3512 beatus
696 3455 744 3512 vir
763 3456 905 3533 spiritum
920 3455 1057 3525 tradidit,
1076 3476 1136 3513 non
1153 3456 1220 3514 sine
1236 3458 1407 3516 testimonio

289 3549 439 3615 veritatis,
465 3550 547 3626 quod
572 3548 612 3605 sit
632 3561 795 3626 susceptus
817 3550 854 3605 ab
878 3548 1008 3627 angelis.
1037 3548 1198 3607 Mulierem
1228 3571 1353 3629 quoque
1380 3551 1408 3607 in

292 3641 431 3719 exequiis
452 3641 517 3698 suis
541 3661 607 3698 cum
625 3641 683 3698 alia
706 3641 831 3698 muliere
855 3642 1022 3719 nequitiori
1042 3641 1154 3720 spiritu
1171 3656 1292 3713 vexata,
1314 3656 1346 3702 ut
1366 3655 1409 3701 est
1423 3659 1442 3696 ³5

292 3734 458 3813 sepulchro
469 3747 578 3802 tectus,
592 3755 608 3790 a
624 3734 759 3811 nequitia
772 3734 875 3792 inlesti
888 3735 1039 3792 daemonii
1051 3735 1238 3793 emundavit.
1255 3737 1296 3794 Et
1308 3737 1405 3802 crede,

151 3845 206 3892 001,
220 3848 274 3893 526.
290 3830 330 3885 ob
343 3828 400 3885 hoc
413 3827 471 3885 Dei
481 3840 554 3884 nutu
569 3828 691 3884 easdem
707 3828 737 3883 in
753 3847 884 3905 corpore
902 3828 1020 3904 positus
1034 3848 1095 3885 non
1108 3825 1220 3906 polituit
1233 3830 1404 3896 emundare,

290 3934 324 3979 ut
341 3921 486 3998 exequiae
505 3920 588 3978 illius
608 3919 664 3977 hac
680 3920 792 3978 virtute
809 3919 1065 3998 glorificarentur.
1080 3921 1157 3978 Post
1169 3913 1325 3980 celebrato
1337 3941 1405 3980 vero

291 4015 396 4072 sunere
414 4013 524 4071 mulier
550 4014 697 4090 quaedam
721 4013 799 4070 rictu
821 4011 925 4090 patulo
951 4013 1017 4071 sine
1040 4014 1125 4072 vocis
1154 4013 1253 4072 officio
1280 4016 1318 4072 ad
1345 4013 1405 4072 eius

290 4107 420 4165 accessit
435 4105 594 4174 tumulum,
613 4107 695 4183 quod
709 4105 824 4162 osculis
840 4105 985 4174 delibato,
1005 4106 1188 4164 elocutionis
1208 4108 1320 4166 meruit
1334 4105 1404 4165 reci·
1421 4116 1441 4153 4⁰

290 4220 364 4278 pere
380 4200 571 4257 beneficium.
