<?xml version="1.0" encoding="UTF-8"?>
<!DOCTYPE html PUBLIC "-//W3C//DTD XHTML 1.0 Transitional//EN"
    "http://www.w3.org/TR/xhtml1/DTD/xhtml1-transitional.dtd">
<html xmlns="http://www.w3.org/1999/xhtml" xml:lang="en" lang="en">
 <head>
  <title>
</title>
<meta http-equiv="Content-Type" content="text/html;charset=utf-8" />
  <meta name='ocr-system' content='tesseract 3.04.00' />
  <meta name='ocr-capabilities' content='ocr_page ocr_carea ocr_par ocr_line ocrx_word'/>
</head>
<body>
  <div class='ocr_page' id='page_1' title='image "./grgoiredetoursh00collgoog_0080.png"; bbox 0 0 2954 5010; ppageno 0'>
   <div class='ocr_carea' id='block_1_1' title="bbox 295 349 1128 416">
    <p class='ocr_par' dir='ltr' id='par_1_1' title="bbox 295 349 1128 416">
     <span class='ocr_line' id='line_1_1' title="bbox 295 349 1128 416; baseline 0.001 -4"><span class='ocrx_word' id='word_1_1' title='bbox 295 353 326 412; x_wconf 80' lang='lat' dir='ltr'><strong>et</strong></span> <span class='ocrx_word' id='word_1_2' title='bbox 574 349 733 415; x_wconf 78' lang='lat' dir='ltr'><strong>uncaoan</strong></span> <span class='ocrx_word' id='word_1_3' title='bbox 750 350 959 416; x_wconf 76' lang='lat' dir='ltr'><strong>rotonensis</strong></span> <span class='ocrx_word' id='word_1_4' title='bbox 978 350 1128 415; x_wconf 78' lang='lat' dir='ltr'><strong>narsoort</strong></span> 
     </span>
    </p>
   </div>
   <div class='ocr_carea' id='block_1_2' title="bbox 288 480 1465 2518">
    <p class='ocr_par' dir='ltr' id='par_1_2' title="bbox 288 480 1465 2518">
     <span class='ocr_line' id='line_1_2' title="bbox 295 480 1417 570; baseline 0.003 -26"><span class='ocrx_word' id='word_1_5' title='bbox 295 481 477 559; x_wconf 89' lang='lat' dir='ltr'><strong>nationem,</strong></span> <span class='ocrx_word' id='word_1_6' title='bbox 506 480 593 545; x_wconf 88' lang='lat' dir='ltr'><strong>sicut</strong></span> <span class='ocrx_word' id='word_1_7' title='bbox 617 481 727 547; x_wconf 89' lang='lat' dir='ltr'><strong>sollita</strong></span> <span class='ocrx_word' id='word_1_8' title='bbox 757 496 841 561; x_wconf 86' lang='lat' dir='ltr'><strong>erat,</strong></span> <span class='ocrx_word' id='word_1_9' title='bbox 870 483 1004 547; x_wconf 91' lang='lat' dir='ltr'><strong>omniuo</strong></span> <span class='ocrx_word' id='word_1_10' title='bbox 1037 481 1234 570; x_wconf 78' lang='lat' dir='ltr'>exquiritur.</span> <span class='ocrx_word' id='word_1_11' title='bbox 1267 482 1417 548; x_wconf 81' lang='lat' dir='ltr'><strong>Extetit¹</strong></span> 
     </span>
     <span class='ocr_line' id='line_1_3' title="bbox 296 582 1420 673; baseline 0.003 -28"><span class='ocrx_word' id='word_1_12' title='bbox 296 583 384 646; x_wconf 85' lang='lat' dir='ltr'><strong>enirn</strong></span> <span class='ocrx_word' id='word_1_13' title='bbox 417 583 451 646; x_wconf 94' lang='lat' dir='ltr'><strong>in</strong></span> <span class='ocrx_word' id='word_1_14' title='bbox 488 584 550 647; x_wconf 87' lang='lat' dir='ltr'><strong>hac</strong></span> <span class='ocrx_word' id='word_1_15' title='bbox 584 582 703 649; x_wconf 92' lang='lat' dir='ltr'><strong>sinodo</strong></span> <span class='ocrx_word' id='word_1_16' title='bbox 737 585 871 672; x_wconf 90' lang='lat' dir='ltr'><strong>quidam</strong></span> <span class='ocrx_word' id='word_1_17' title='bbox 906 609 946 649; x_wconf 88' lang='lat' dir='ltr'><strong>ex</strong></span> <span class='ocrx_word' id='word_1_18' title='bbox 974 583 1161 673; x_wconf 87' lang='lat' dir='ltr'><strong>episeopis,</strong></span> <span class='ocrx_word' id='word_1_19' title='bbox 1193 583 1251 672; x_wconf 91' lang='lat' dir='ltr'><strong>qni</strong></span> <span class='ocrx_word' id='word_1_20' title='bbox 1282 584 1420 649; x_wconf 86' lang='lat' dir='ltr'><strong>dicebat</strong></span> 
     </span>
     <span class='ocr_line' id='line_1_4' title="bbox 297 684 1418 775; baseline 0.003 -28"><span class='ocrx_word' id='word_1_21' title='bbox 297 685 469 749; x_wconf 89' lang='lat' dir='ltr'><strong>mulierem</strong></span> <span class='ocrx_word' id='word_1_22' title='bbox 503 684 671 749; x_wconf 89' lang='lat' dir='ltr'><strong>hominem</strong></span> <span class='ocrx_word' id='word_1_23' title='bbox 699 710 766 750; x_wconf 93' lang='lat' dir='ltr'><strong>non</strong></span> <span class='ocrx_word' id='word_1_24' title='bbox 797 711 896 775; x_wconf 90' lang='lat' dir='ltr'><strong>posse</strong></span> <span class='ocrx_word' id='word_1_25' title='bbox 930 688 1087 751; x_wconf 82' lang='lat' dir='ltr'><strong>vocitare.</strong></span> <span class='ocrx_word' id='word_1_26' title='bbox 1121 686 1189 752; x_wconf 88' lang='lat' dir='ltr'><strong>Sed</strong></span> <span class='ocrx_word' id='word_1_27' title='bbox 1227 699 1340 751; x_wconf 88' lang='lat' dir='ltr'><strong>tamen</strong></span> <span class='ocrx_word' id='word_1_28' title='bbox 1377 689 1418 750; x_wconf 94' lang='lat' dir='ltr'><strong>ab</strong></span> 
     </span>
     <span class='ocr_line' id='line_1_5' title="bbox 296 786 1419 877; baseline 0.003 -27"><span class='ocrx_word' id='word_1_29' title='bbox 296 786 464 875; x_wconf 89' lang='lat' dir='ltr'><strong>episcopis</strong></span> <span class='ocrx_word' id='word_1_30' title='bbox 491 787 658 852; x_wconf 82' lang='lat' dir='ltr'>racionem</span> <span class='ocrx_word' id='word_1_31' title='bbox 678 802 813 876; x_wconf 89' lang='lat' dir='ltr'><strong>accepta</strong></span> <span class='ocrx_word' id='word_1_32' title='bbox 837 789 974 877; x_wconf 88' lang='lat' dir='ltr'><strong>quievit,</strong></span> <span class='ocrx_word' id='word_1_33' title='bbox 998 789 1145 876; x_wconf 89' lang='lat' dir='ltr'><strong>eoquod</strong></span> <span class='ocrx_word' id='word_1_34' title='bbox 1168 813 1262 854; x_wconf 87' lang='lat' dir='ltr'><strong>sacer</strong></span> <span class='ocrx_word' id='word_1_35' title='bbox 1281 789 1419 858; x_wconf 83' lang='lat' dir='ltr'><strong>Veteris</strong></span> 
     </span>
     <span class='ocr_line' id='line_1_6' title="bbox 296 889 1465 980; baseline 0.004 -26"><span class='ocrx_word' id='word_1_36' title='bbox 296 890 499 955; x_wconf 80' lang='lat' dir='ltr'><strong>Testamenti</strong></span> <span class='ocrx_word' id='word_1_37' title='bbox 517 889 604 954; x_wconf 89' lang='lat' dir='ltr'><strong>liber</strong></span> <span class='ocrx_word' id='word_1_38' title='bbox 621 889 769 969; x_wconf 87' lang='lat' dir='ltr'><strong>edoceat,</strong></span> <span class='ocrx_word' id='word_1_39' title='bbox 790 890 880 979; x_wconf 92' lang='lat' dir='ltr'><strong>quod</strong></span> <span class='ocrx_word' id='word_1_40' title='bbox 896 890 928 954; x_wconf 92' lang='lat' dir='ltr'><strong>in</strong></span> <span class='ocrx_word' id='word_1_41' title='bbox 946 890 1126 980; x_wconf 87' lang='lat' dir='ltr'><strong>principio,</strong></span> <span class='ocrx_word' id='word_1_42' title='bbox 1140 895 1230 956; x_wconf 90' lang='lat' dir='ltr'><strong>Deus</strong></span> <span class='ocrx_word' id='word_1_43' title='bbox 1245 893 1418 956; x_wconf 90' lang='lat' dir='ltr'><strong>hominem</strong></span> <span class='ocrx_word' id='word_1_44' title='bbox 1453 924 1465 960; x_wconf 80' lang='lat'>5</span> 
     </span>
     <span class='ocr_line' id='line_1_7' title="bbox 295 992 1419 1084; baseline 0.004 -29"><span class='ocrx_word' id='word_1_45' title='bbox 295 1004 444 1071; x_wconf 88' lang='lat' dir='ltr'><strong>creante,</strong></span> <span class='ocrx_word' id='word_1_46' title='bbox 468 992 541 1056; x_wconf 92' lang='lat' dir='ltr'><strong>ait:</strong></span> <span class='ocrx_word' id='word_1_47' title='bbox 568 993 757 1056; x_wconf 79' lang='lat' dir='ltr'><strong>Moscolitm</strong></span> <span class='ocrx_word' id='word_1_48' title='bbox 784 1009 814 1058; x_wconf 88' lang='lat' dir='ltr'><strong>et</strong></span> <span class='ocrx_word' id='word_1_49' title='bbox 834 996 962 1083; x_wconf 77' lang='lat' dir='ltr'><strong>semino</strong></span> <span class='ocrx_word' id='word_1_50' title='bbox 982 999 1106 1058; x_wconf 81' lang='lat' dir='ltr'><strong>creavit</strong></span> <span class='ocrx_word' id='word_1_51' title='bbox 1129 1019 1199 1074; x_wconf 74' lang='lat' dir='ltr'><strong>eos,</strong></span> <span class='ocrx_word' id='word_1_52' title='bbox 1226 998 1419 1084; x_wconf 80' lang='lat' dir='ltr'><strong>vocavitque</strong></span> 
     </span>
     <span class='ocr_line' id='line_1_8' title="bbox 293 1095 1419 1185; baseline 0.003 -28"><span class='ocrx_word' id='word_1_53' title='bbox 293 1119 409 1159; x_wconf 79' lang='lat' dir='ltr'><strong>nornen</strong></span> <span class='ocrx_word' id='word_1_54' title='bbox 425 1120 537 1160; x_wconf 83' lang='lat' dir='ltr'><strong>eormu</strong></span> <span class='ocrx_word' id='word_1_55' title='bbox 562 1095 670 1159; x_wconf 86' lang='lat' dir='ltr'><strong>Adam</strong></span> <span class='ocrx_word' id='word_1_56' title='bbox 683 1095 708 1174; x_wconf 72' lang='lat'><strong>2,</strong></span> <span class='ocrx_word' id='word_1_57' title='bbox 728 1096 818 1183; x_wconf 90' lang='lat' dir='ltr'><strong>quod</strong></span> <span class='ocrx_word' id='word_1_58' title='bbox 838 1107 889 1159; x_wconf 89' lang='lat' dir='ltr'><strong>est</strong></span> <span class='ocrx_word' id='word_1_59' title='bbox 910 1097 1010 1160; x_wconf 91' lang='lat' dir='ltr'><strong>homo</strong></span> <span class='ocrx_word' id='word_1_60' title='bbox 1028 1108 1201 1174; x_wconf 81' lang='lat' dir='ltr'><strong>terrenus3</strong></span> <span class='ocrx_word' id='word_1_61' title='bbox 1225 1096 1419 1185; x_wconf 77' lang='lat' dir='ltr'><strong>secutique3</strong></span> 
     </span>
     <span class='ocr_line' id='line_1_9' title="bbox 288 1197 1417 1285; baseline 0.002 -25"><span class='ocrx_word' id='word_1_62' title='bbox 288 1216 414 1262; x_wconf 65' lang='lat' dir='ltr'><strong>‘vocans</strong></span> <span class='ocrx_word' id='word_1_63' title='bbox 430 1197 603 1262; x_wconf 89' lang='lat' dir='ltr'><strong>mulierem</strong></span> <span class='ocrx_word' id='word_1_64' title='bbox 622 1199 729 1276; x_wconf 82' lang='lat' dir='ltr'><strong>Euva3</strong></span> <span class='ocrx_word' id='word_1_65' title='bbox 747 1209 924 1285; x_wconf 89' lang='lat' dir='ltr'><strong>utrumque</strong></span> <span class='ocrx_word' id='word_1_66' title='bbox 943 1197 1030 1262; x_wconf 91' lang='lat' dir='ltr'><strong>enim</strong></span> <span class='ocrx_word' id='word_1_67' title='bbox 1048 1197 1218 1262; x_wconf 87' lang='lat' dir='ltr'><strong>hominem</strong></span> <span class='ocrx_word' id='word_1_68' title='bbox 1235 1197 1332 1265; x_wconf 85' lang='lat' dir='ltr'><strong>dixit.</strong></span> <span class='ocrx_word' id='word_1_69' title='bbox 1350 1199 1417 1264; x_wconf 89' lang='lat' dir='ltr'><strong>Sed</strong></span> 
     </span>
     <span class='ocr_line' id='line_1_10' title="bbox 292 1299 1417 1381; baseline 0.002 -18"><span class='ocrx_word' id='word_1_70' title='bbox 292 1313 325 1363; x_wconf 88' lang='lat' dir='ltr'><strong>ct</strong></span> <span class='ocrx_word' id='word_1_71' title='bbox 347 1299 500 1365; x_wconf 87' lang='lat' dir='ltr'><strong>dominus</strong></span> <span class='ocrx_word' id='word_1_72' title='bbox 522 1303 614 1364; x_wconf 92' lang='lat' dir='ltr'><strong>lesus</strong></span> <span class='ocrx_word' id='word_1_73' title='bbox 635 1299 790 1365; x_wconf 91' lang='lat' dir='ltr'><strong>Christus</strong></span> <span class='ocrx_word' id='word_1_74' title='bbox 810 1301 853 1365; x_wconf 94' lang='lat' dir='ltr'><strong>ob</strong></span> <span class='ocrx_word' id='word_1_75' title='bbox 870 1301 934 1365; x_wconf 92' lang='lat' dir='ltr'><strong>hoc</strong></span> <span class='ocrx_word' id='word_1_76' title='bbox 958 1299 1121 1366; x_wconf 84' lang='lat' dir='ltr'><strong>vocitatur</strong></span> <span class='ocrx_word' id='word_1_77' title='bbox 1145 1300 1234 1366; x_wconf 82' lang='lat' dir='ltr'><strong>silius</strong></span> <span class='ocrx_word' id='word_1_78' title='bbox 1253 1303 1417 1381; x_wconf 89' lang='lat' dir='ltr'><strong>hominis,</strong></span> 
     </span>
     <span class='ocr_line' id='line_1_11' title="bbox 292 1394 1463 1493; baseline 0.006 -27"><span class='ocrx_word' id='word_1_79' title='bbox 292 1403 381 1489; x_wconf 90' lang='lat' dir='ltr'><strong>qood</strong></span> <span class='ocrx_word' id='word_1_80' title='bbox 395 1403 439 1467; x_wconf 91' lang='lat' dir='ltr'><strong>sit</strong></span> <span class='ocrx_word' id='word_1_81' title='bbox 453 1403 540 1467; x_wconf 88' lang='lat' dir='ltr'><strong>lilius</strong></span> <span class='ocrx_word' id='word_1_82' title='bbox 553 1401 706 1493; x_wconf 85' lang='lat' dir='ltr'><strong>virginis,</strong></span> <span class='ocrx_word' id='word_1_83' title='bbox 723 1402 756 1467; x_wconf 88' lang='lat' dir='ltr'><strong>id</strong></span> <span class='ocrx_word' id='word_1_84' title='bbox 771 1400 845 1486; x_wconf 79' lang='lat' dir='ltr'><strong>estll</strong></span> <span class='ocrx_word' id='word_1_85' title='bbox 859 1403 1019 1467; x_wconf 90' lang='lat' dir='ltr'><strong>mulieris.</strong></span> <span class='ocrx_word' id='word_1_86' title='bbox 1036 1403 1087 1467; x_wconf 87' lang='lat' dir='ltr'><strong>Ad</strong></span> <span class='ocrx_word' id='word_1_87' title='bbox 1100 1394 1211 1491; x_wconf 84' lang='lat' dir='ltr'><strong>quam,</strong></span> <span class='ocrx_word' id='word_1_88' title='bbox 1226 1428 1300 1468; x_wconf 94' lang='lat' dir='ltr'><strong>cum</strong></span> <span class='ocrx_word' id='word_1_89' title='bbox 1314 1428 1419 1492; x_wconf 88' lang='lat' dir='ltr'><strong>aquas</strong></span> <span class='ocrx_word' id='word_1_90' title='bbox 1441 1435 1463 1472; x_wconf 86' lang='lat' dir='ltr'><strong>n</strong></span> 
     </span>
     <span class='ocr_line' id='line_1_12' title="bbox 293 1504 1419 1593; baseline 0 -23"><span class='ocrx_word' id='word_1_91' title='bbox 293 1506 326 1570; x_wconf 91' lang='lat' dir='ltr'><strong>in</strong></span> <span class='ocrx_word' id='word_1_92' title='bbox 342 1505 416 1570; x_wconf 88' lang='lat' dir='ltr'><strong>vina</strong></span> <span class='ocrx_word' id='word_1_93' title='bbox 428 1506 608 1570; x_wconf 79' lang='lat' dir='ltr'><strong>transferre</strong></span> <span class='ocrx_word' id='word_1_94' title='bbox 627 1517 771 1593; x_wconf 87' lang='lat' dir='ltr'><strong>pararet,</strong></span> <span class='ocrx_word' id='word_1_95' title='bbox 792 1504 837 1569; x_wconf 88' lang='lat' dir='ltr'><strong>ait</strong></span> <span class='ocrx_word' id='word_1_96' title='bbox 856 1531 862 1568; x_wconf 76' lang='grc' dir='ltr'><strong><em>ε</em></strong></span> <span class='ocrx_word' id='word_1_97' title='bbox 888 1506 978 1592; x_wconf 80' lang='lat' dir='ltr'><strong>Quid</strong></span> <span class='ocrx_word' id='word_1_98' title='bbox 992 1507 1073 1570; x_wconf 71' lang='lat' dir='ltr'><strong>racilii</strong></span> <span class='ocrx_word' id='word_1_99' title='bbox 1086 1522 1116 1570; x_wconf 83' lang='lat' dir='ltr'><strong>et</strong></span> <span class='ocrx_word' id='word_1_100' title='bbox 1133 1508 1193 1570; x_wconf 75' lang='lat' dir='ltr'><strong>titt</strong></span> <span class='ocrx_word' id='word_1_101' title='bbox 1211 1521 1258 1570; x_wconf 82' lang='lat' dir='ltr'><strong>est</strong></span> <span class='ocrx_word' id='word_1_102' title='bbox 1275 1507 1419 1571; x_wconf 71' lang='lat' dir='ltr'><strong>attollor?</strong></span> 
     </span>
     <span class='ocr_line' id='line_1_13' title="bbox 292 1605 1418 1697; baseline 0 -24"><span class='ocrx_word' id='word_1_103' title='bbox 292 1623 323 1674; x_wconf 86' lang='lat' dir='ltr'><strong>et</strong></span> <span class='ocrx_word' id='word_1_104' title='bbox 338 1609 464 1697; x_wconf 90' lang='lat' dir='ltr'><strong>reliqua</strong></span> <span class='ocrx_word' id='word_1_105' title='bbox 477 1608 500 1671; x_wconf 74' lang='lat'><strong>4.</strong></span> <span class='ocrx_word' id='word_1_106' title='bbox 521 1606 702 1695; x_wconf 83' lang='lat' dir='ltr'><strong>Multisque</strong></span> <span class='ocrx_word' id='word_1_107' title='bbox 720 1620 752 1671; x_wconf 92' lang='lat' dir='ltr'><strong>et</strong></span> <span class='ocrx_word' id='word_1_108' title='bbox 765 1605 840 1671; x_wconf 90' lang='lat' dir='ltr'><strong>aliis</strong></span> <span class='ocrx_word' id='word_1_109' title='bbox 855 1608 1056 1673; x_wconf 85' lang='lat' dir='ltr'><strong>testimoniis</strong></span> <span class='ocrx_word' id='word_1_110' title='bbox 1072 1609 1134 1672; x_wconf 88' lang='lat' dir='ltr'><strong>hec</strong></span> <span class='ocrx_word' id='word_1_111' title='bbox 1150 1632 1248 1673; x_wconf 87' lang='lat' dir='ltr'><strong>cansa</strong></span> <span class='ocrx_word' id='word_1_112' title='bbox 1264 1609 1418 1675; x_wconf 89' lang='lat' dir='ltr'><strong>convicta</strong></span> 
     </span>
     <span class='ocr_line' id='line_1_14' title="bbox 292 1710 1415 1800; baseline 0.001 -25"><span class='ocrx_word' id='word_1_113' title='bbox 292 1710 429 1800; x_wconf 86' lang='lat' dir='ltr'><strong>quievit.</strong></span> <span class='ocrx_word' id='word_1_114' title='bbox 448 1714 656 1776; x_wconf 85' lang='lat' dir='ltr'><strong>Pretextatus</strong></span> <span class='ocrx_word' id='word_1_115' title='bbox 672 1734 749 1775; x_wconf 85' lang='lat' dir='ltr'><strong>vero</strong></span> <span class='ocrx_word' id='word_1_116' title='bbox 765 1711 1022 1799; x_wconf 85' lang='lat' dir='ltr'><strong>Rotomagensis</strong></span> <span class='ocrx_word' id='word_1_117' title='bbox 1037 1710 1215 1800; x_wconf 92' lang='lat' dir='ltr'><strong>episcopus</strong></span> <span class='ocrx_word' id='word_1_118' title='bbox 1231 1711 1415 1790; x_wconf 80' lang='lat' dir='ltr'><strong>oracionis,</strong></span> 
     </span>
     <span class='ocr_line' id='line_1_15' title="bbox 292 1811 1417 1902; baseline 0.002 -25"><span class='ocrx_word' id='word_1_119' title='bbox 292 1839 374 1902; x_wconf 92' lang='lat' dir='ltr'><strong>quas</strong></span> <span class='ocrx_word' id='word_1_120' title='bbox 406 1814 439 1876; x_wconf 92' lang='lat' dir='ltr'><strong>in</strong></span> <span class='ocrx_word' id='word_1_121' title='bbox 459 1812 575 1900; x_wconf 86' lang='lat' dir='ltr'><strong>exsilio</strong></span> <span class='ocrx_word' id='word_1_122' title='bbox 600 1814 730 1900; x_wconf 91' lang='lat' dir='ltr'><strong>positus</strong></span> <span class='ocrx_word' id='word_1_123' title='bbox 749 1811 899 1900; x_wconf 83' lang='lat' dir='ltr'><strong>scalpsit,</strong></span> <span class='ocrx_word' id='word_1_124' title='bbox 924 1836 1034 1876; x_wconf 88' lang='lat' dir='ltr'><strong>coram</strong></span> <span class='ocrx_word' id='word_1_125' title='bbox 1055 1813 1224 1902; x_wconf 90' lang='lat' dir='ltr'><strong>episcopis</strong></span> <span class='ocrx_word' id='word_1_126' title='bbox 1251 1814 1417 1879; x_wconf 87' lang='lat' dir='ltr'><strong>recitavit.</strong></span> 
     </span>
     <span class='ocr_line' id='line_1_16' title="bbox 293 1914 1461 2006; baseline 0.006 -26"><span class='ocrx_word' id='word_1_127' title='bbox 293 1919 365 1998; x_wconf 90' lang='lat' dir='ltr'><strong>Que</strong></span> <span class='ocrx_word' id='word_1_128' title='bbox 380 1914 579 2004; x_wconf 89' lang='lat' dir='ltr'><strong>quibusdam</strong></span> <span class='ocrx_word' id='word_1_129' title='bbox 596 1914 731 2004; x_wconf 92' lang='lat' dir='ltr'><strong>quidem</strong></span> <span class='ocrx_word' id='word_1_130' title='bbox 743 1915 959 2002; x_wconf 79' lang='lat' dir='ltr'><strong>placueruut3</strong></span> <span class='ocrx_word' id='word_1_131' title='bbox 979 1914 1211 2004; x_wconf 88' lang='lat' dir='ltr'><strong>aquibusdam</strong></span> <span class='ocrx_word' id='word_1_132' title='bbox 1227 1941 1320 1997; x_wconf 88' lang='lat' dir='ltr'><strong>vero,</strong></span> <span class='ocrx_word' id='word_1_133' title='bbox 1341 1918 1417 2006; x_wconf 88' lang='lat' dir='ltr'><strong>quia</strong></span> <span class='ocrx_word' id='word_1_134' title='bbox 1439 1948 1461 1987; x_wconf 79' lang='lat' dir='ltr'><strong>n</strong></span> 
     </span>
     <span class='ocr_line' id='line_1_17' title="bbox 293 2016 1418 2105; baseline 0.001 -22"><span class='ocrx_word' id='word_1_135' title='bbox 293 2031 396 2083; x_wconf 86' lang='lat' dir='ltr'><strong>artem</strong></span> <span class='ocrx_word' id='word_1_136' title='bbox 431 2029 562 2082; x_wconf 91' lang='lat' dir='ltr'><strong>secutus</strong></span> <span class='ocrx_word' id='word_1_137' title='bbox 592 2016 727 2081; x_wconf 89' lang='lat' dir='ltr'><strong>minime</strong></span> <span class='ocrx_word' id='word_1_138' title='bbox 760 2017 883 2095; x_wconf 90' lang='lat' dir='ltr'><strong>suerat,</strong></span> <span class='ocrx_word' id='word_1_139' title='bbox 914 2017 1273 2105; x_wconf 74' lang='lat' dir='ltr'><strong>reprehindebantur5.</strong></span> <span class='ocrx_word' id='word_1_140' title='bbox 1311 2021 1418 2085; x_wconf 89' lang='lat' dir='ltr'><strong>Stilus</strong></span> 
     </span>
     <span class='ocr_line' id='line_1_18' title="bbox 292 2117 1417 2208; baseline 0.002 -24"><span class='ocrx_word' id='word_1_141' title='bbox 292 2134 402 2185; x_wconf 93' lang='lat' dir='ltr'><strong>tamen</strong></span> <span class='ocrx_word' id='word_1_142' title='bbox 427 2144 487 2208; x_wconf 92' lang='lat' dir='ltr'><strong>per</strong></span> <span class='ocrx_word' id='word_1_143' title='bbox 512 2121 584 2184; x_wconf 90' lang='lat' dir='ltr'><strong>loca</strong></span> <span class='ocrx_word' id='word_1_144' title='bbox 604 2117 853 2199; x_wconf 74' lang='lat' dir='ltr'><strong>ecclesiasticus</strong></span> <span class='ocrx_word' id='word_1_145' title='bbox 878 2132 911 2183; x_wconf 93' lang='lat' dir='ltr'><strong>et</strong></span> <span class='ocrx_word' id='word_1_146' title='bbox 934 2119 1148 2185; x_wconf 84' lang='lat' dir='ltr'><strong>racionabilis</strong></span> <span class='ocrx_word' id='word_1_147' title='bbox 1175 2135 1259 2186; x_wconf 91' lang='lat' dir='ltr'><strong>erat.</strong></span> <span class='ocrx_word' id='word_1_148' title='bbox 1294 2122 1417 2187; x_wconf 91' lang='lat' dir='ltr'><strong>Caedis</strong></span> 
     </span>
     <span class='ocr_line' id='line_1_19' title="bbox 288 2220 1418 2312; baseline 0.003 -25"><span class='ocrx_word' id='word_1_149' title='bbox 288 2223 380 2288; x_wconf 88' lang='lat' dir='ltr'><strong>enim</strong></span> <span class='ocrx_word' id='word_1_150' title='bbox 404 2247 521 2312; x_wconf 83' lang='lat' dir='ltr'><strong>magna</strong></span> <span class='ocrx_word' id='word_1_151' title='bbox 544 2234 622 2286; x_wconf 90' lang='lat' dir='ltr'><strong>tunc</strong></span> <span class='ocrx_word' id='word_1_152' title='bbox 646 2222 734 2285; x_wconf 91' lang='lat' dir='ltr'><strong>inter</strong></span> <span class='ocrx_word' id='word_1_153' title='bbox 752 2221 892 2284; x_wconf 81' lang='lat' dir='ltr'><strong>famulus</strong></span> <span class='ocrx_word' id='word_1_154' title='bbox 918 2220 1022 2286; x_wconf 86' lang='lat' dir='ltr'><strong>Prisci</strong></span> <span class='ocrx_word' id='word_1_155' title='bbox 1053 2221 1202 2311; x_wconf 89' lang='lat' dir='ltr'><strong>episcopi</strong></span> <span class='ocrx_word' id='word_1_156' title='bbox 1226 2236 1260 2287; x_wconf 91' lang='lat' dir='ltr'><strong>et</strong></span> <span class='ocrx_word' id='word_1_157' title='bbox 1283 2225 1418 2289; x_wconf 88' lang='lat' dir='ltr'><strong>Londo-</strong></span> 
     </span>
     <span class='ocr_line' id='line_1_20' title="bbox 292 2323 1417 2417; baseline 0.002 -27"><span class='ocrx_word' id='word_1_158' title='bbox 292 2325 406 2417; x_wconf 83' lang='lat' dir='ltr'><strong>ghisili</strong></span> <span class='ocrx_word' id='word_1_159' title='bbox 432 2325 527 2390; x_wconf 91' lang='lat' dir='ltr'><strong>ducis</strong></span> <span class='ocrx_word' id='word_1_160' title='bbox 552 2325 624 2388; x_wconf 84' lang='lat' dir='ltr'><strong>luit.</strong></span> <span class='ocrx_word' id='word_1_161' title='bbox 644 2323 778 2388; x_wconf 88' lang='lat' dir='ltr'><strong>Priscus</strong></span> <span class='ocrx_word' id='word_1_162' title='bbox 806 2335 916 2387; x_wconf 85' lang='lat' dir='ltr'><strong>tamen</strong></span> <span class='ocrx_word' id='word_1_163' title='bbox 935 2324 1112 2412; x_wconf 91' lang='lat' dir='ltr'><strong>episcopus</strong></span> <span class='ocrx_word' id='word_1_164' title='bbox 1136 2324 1177 2388; x_wconf 90' lang='lat' dir='ltr'><strong>ad</strong></span> <span class='ocrx_word' id='word_1_165' title='bbox 1198 2327 1417 2392; x_wconf 76' lang='lat' dir='ltr'><strong>coemandarn</strong></span> 
     </span>
     <span class='ocr_line' id='line_1_21' title="bbox 293 2425 1461 2518; baseline 0.002 -25"><span class='ocrx_word' id='word_1_166' title='bbox 293 2453 408 2518; x_wconf 89' lang='lat' dir='ltr'><strong>pacem</strong></span> <span class='ocrx_word' id='word_1_167' title='bbox 433 2428 571 2492; x_wconf 90' lang='lat' dir='ltr'><strong>multum</strong></span> <span class='ocrx_word' id='word_1_168' title='bbox 595 2427 736 2515; x_wconf 75' lang='lat' dir='ltr'><strong>pecunie</strong></span> <span class='ocrx_word' id='word_1_169' title='bbox 754 2426 899 2491; x_wconf 88' lang='lat' dir='ltr'><strong>obtullit.</strong></span> <span class='ocrx_word' id='word_1_170' title='bbox 924 2426 982 2490; x_wconf 86' lang='lat' dir='ltr'><strong>llis</strong></span> <span class='ocrx_word' id='word_1_171' title='bbox 1009 2425 1133 2491; x_wconf 90' lang='lat' dir='ltr'><strong>etenim</strong></span> <span class='ocrx_word' id='word_1_172' title='bbox 1159 2427 1279 2492; x_wconf 89' lang='lat' dir='ltr'><strong>diebus</strong></span> <span class='ocrx_word' id='word_1_173' title='bbox 1305 2431 1418 2494; x_wconf 94' lang='lat' dir='ltr'><strong>Gunt-</strong></span> <span class='ocrx_word' id='word_1_174' title='bbox 1437 2462 1461 2500; x_wconf 76' lang='lat'><strong>20</strong></span> 
     </span>
    </p>
   </div>
   <div class='ocr_carea' id='block_1_3' title="bbox 293 2528 1460 3030">
    <p class='ocr_par' dir='ltr' id='par_1_3' title="bbox 293 2528 1460 3030">
     <span class='ocr_line' id='line_1_22' title="bbox 294 2528 1417 2620; baseline 0.001 -24"><span class='ocrx_word' id='word_1_175' title='bbox 294 2532 471 2596; x_wconf 88' lang='lat' dir='ltr'><strong>chramnus</strong></span> <span class='ocrx_word' id='word_1_176' title='bbox 492 2554 549 2595; x_wconf 88' lang='lat' dir='ltr'><strong>rex</strong></span> <span class='ocrx_word' id='word_1_177' title='bbox 563 2530 707 2618; x_wconf 79' lang='lat' dir='ltr'><strong>graviter</strong></span> <span class='ocrx_word' id='word_1_178' title='bbox 724 2528 899 2618; x_wconf 75' lang='lat' dir='ltr'><strong>egrotavit,</strong></span> <span class='ocrx_word' id='word_1_179' title='bbox 923 2529 966 2592; x_wconf 87' lang='lat' dir='ltr'><strong>ita</strong></span> <span class='ocrx_word' id='word_1_180' title='bbox 984 2541 1018 2593; x_wconf 89' lang='lat' dir='ltr'><strong>nt</strong></span> <span class='ocrx_word' id='word_1_181' title='bbox 1031 2530 1228 2617; x_wconf 78' lang='lat' dir='ltr'><strong>potaretur6</strong></span> <span class='ocrx_word' id='word_1_182' title='bbox 1245 2556 1262 2595; x_wconf 92' lang='lat' dir='ltr'><strong>a</strong></span> <span class='ocrx_word' id='word_1_183' title='bbox 1277 2533 1417 2620; x_wconf 89' lang='lat' dir='ltr'><strong>quibus-</strong></span> 
     </span>
     <span class='ocr_line' id='line_1_23' title="bbox 294 2623 1418 2722; baseline 0.003 -25"><span class='ocrx_word' id='word_1_184' title='bbox 294 2633 368 2697; x_wconf 92' lang='lat' dir='ltr'><strong>dam</strong></span> <span class='ocrx_word' id='word_1_185' title='bbox 395 2657 459 2697; x_wconf 93' lang='lat' dir='ltr'><strong>non</strong></span> <span class='ocrx_word' id='word_1_186' title='bbox 478 2656 577 2719; x_wconf 91' lang='lat' dir='ltr'><strong>posse</strong></span> <span class='ocrx_word' id='word_1_187' title='bbox 592 2656 728 2720; x_wconf 91' lang='lat' dir='ltr'><strong>prorsus</strong></span> <span class='ocrx_word' id='word_1_188' title='bbox 750 2631 900 2696; x_wconf 88' lang='lat' dir='ltr'><strong>evadere.</strong></span> <span class='ocrx_word' id='word_1_189' title='bbox 925 2632 1036 2714; x_wconf 91' lang='lat' dir='ltr'><strong>Quod,</strong></span> <span class='ocrx_word' id='word_1_190' title='bbox 1061 2633 1173 2712; x_wconf 90' lang='lat' dir='ltr'><strong>credo,</strong></span> <span class='ocrx_word' id='word_1_191' title='bbox 1196 2623 1418 2722; x_wconf 84' lang='lat' dir='ltr'><strong>providencia</strong></span> 
     </span>
     <span class='ocr_line' id='line_1_24' title="bbox 293 2733 1418 2824; baseline 0.003 -24"><span class='ocrx_word' id='word_1_192' title='bbox 293 2734 354 2800; x_wconf 93' lang='lat' dir='ltr'><strong>Dei</strong></span> <span class='ocrx_word' id='word_1_193' title='bbox 375 2736 524 2799; x_wconf 71' lang='lat' dir='ltr'><strong>luissetl.</strong></span> <span class='ocrx_word' id='word_1_194' title='bbox 543 2733 721 2824; x_wconf 81' lang='lat' dir='ltr'><strong>Cogitabat</strong></span> <span class='ocrx_word' id='word_1_195' title='bbox 744 2733 832 2797; x_wconf 91' lang='lat' dir='ltr'><strong>enim</strong></span> <span class='ocrx_word' id='word_1_196' title='bbox 854 2734 1000 2798; x_wconf 84' lang='lat' dir='ltr'><strong>multus⁸</strong></span> <span class='ocrx_word' id='word_1_197' title='bbox 1015 2733 1275 2822; x_wconf 74' lang='lat' dir='ltr'><strong>episcoporum⁹</strong></span> <span class='ocrx_word' id='word_1_198' title='bbox 1297 2737 1418 2804; x_wconf 83' lang='lat' dir='ltr'><strong>exsilio</strong></span> 
     </span>
     <span class='ocr_line' id='line_1_25' title="bbox 293 2836 1417 2924; baseline 0.004 -22"><span class='ocrx_word' id='word_1_199' title='bbox 293 2837 483 2905; x_wconf 84' lang='lat' dir='ltr'><strong>detrudere.</strong></span> <span class='ocrx_word' id='word_1_200' title='bbox 518 2836 714 2901; x_wconf 82' lang='lat' dir='ltr'><strong>Theodorus</strong></span> <span class='ocrx_word' id='word_1_201' title='bbox 747 2836 859 2923; x_wconf 90' lang='lat' dir='ltr'><strong>itaque</strong></span> <span class='ocrx_word' id='word_1_202' title='bbox 887 2837 1064 2924; x_wconf 89' lang='lat' dir='ltr'><strong>episcopus</strong></span> <span class='ocrx_word' id='word_1_203' title='bbox 1100 2837 1142 2901; x_wconf 90' lang='lat' dir='ltr'><strong>ad</strong></span> <span class='ocrx_word' id='word_1_204' title='bbox 1170 2840 1289 2904; x_wconf 89' lang='lat' dir='ltr'><strong>urbem</strong></span> <span class='ocrx_word' id='word_1_205' title='bbox 1323 2866 1417 2906; x_wconf 90' lang='lat' dir='ltr'><strong>suam</strong></span> 
     </span>
     <span class='ocr_line' id='line_1_26' title="bbox 293 2935 1460 3030; baseline 0.005 -25"><span class='ocrx_word' id='word_1_206' title='bbox 293 2965 477 3030; x_wconf 84' lang='lat' dir='ltr'><strong>regressus,</strong></span> <span class='ocrx_word' id='word_1_207' title='bbox 499 2939 627 3002; x_wconf 85' lang='lat' dir='ltr'><strong>favente</strong></span> <span class='ocrx_word' id='word_1_208' title='bbox 648 2935 739 3002; x_wconf 91' lang='lat' dir='ltr'><strong>omni</strong></span> <span class='ocrx_word' id='word_1_209' title='bbox 763 2937 903 3026; x_wconf 83' lang='lat' dir='ltr'><strong>populo,</strong></span> <span class='ocrx_word' id='word_1_210' title='bbox 927 2961 1002 3001; x_wconf 94' lang='lat' dir='ltr'><strong>cum</strong></span> <span class='ocrx_word' id='word_1_211' title='bbox 1026 2937 1123 3002; x_wconf 86' lang='lat' dir='ltr'><strong>laude</strong></span> <span class='ocrx_word' id='word_1_212' title='bbox 1148 2955 1328 3030; x_wconf 89' lang='lat' dir='ltr'><strong>susceptus</strong></span> <span class='ocrx_word' id='word_1_213' title='bbox 1351 2957 1416 3008; x_wconf 88' lang='lat' dir='ltr'><strong>est.</strong></span> <span class='ocrx_word' id='word_1_214' title='bbox 1437 2973 1460 3013; x_wconf 77' lang='lat' dir='ltr'><strong>aa</strong></span> 
     </span>
    </p>
   </div>
   <div class='ocr_carea' id='block_1_4' title="bbox 275 3147 1459 3855">
    <p class='ocr_par' dir='ltr' id='par_1_4' title="bbox 275 3147 1459 3855">
     <span class='ocr_line' id='line_1_27' title="bbox 275 3147 1419 3237; baseline 0.002 -19"><span class='ocrx_word' id='word_1_215' title='bbox 275 3165 278 3169; x_wconf 82' lang='grc'><strong>’</strong></span> <span class='ocrx_word' id='word_1_216' title='bbox 338 3151 424 3218; x_wconf 86' lang='lat' dir='ltr'><strong>XXI.</strong></span> <span class='ocrx_word' id='word_1_217' title='bbox 445 3153 559 3237; x_wconf 91' lang='lat' dir='ltr'><strong>ltaque</strong></span> <span class='ocrx_word' id='word_1_218' title='bbox 577 3173 651 3213; x_wconf 91' lang='lat' dir='ltr'><strong>cum</strong></span> <span class='ocrx_word' id='word_1_219' title='bbox 667 3149 730 3213; x_wconf 88' lang='lat' dir='ltr'><strong>hoo</strong></span> <span class='ocrx_word' id='word_1_220' title='bbox 751 3147 904 3212; x_wconf 90' lang='lat' dir='ltr'><strong>sinodum</strong></span> <span class='ocrx_word' id='word_1_221' title='bbox 920 3160 1087 3237; x_wconf 87' lang='lat' dir='ltr'><strong>ageretur,</strong></span> <span class='ocrx_word' id='word_1_222' title='bbox 1104 3149 1344 3218; x_wconf 88' lang='lat' dir='ltr'><strong>Childebertus</strong></span> <span class='ocrx_word' id='word_1_223' title='bbox 1359 3178 1419 3220; x_wconf 87' lang='lat' dir='ltr'><strong>rex</strong></span> 
     </span>
     <span class='ocr_line' id='line_1_28' title="bbox 293 3250 1417 3345; baseline 0.003 -25"><span class='ocrx_word' id='word_1_224' title='bbox 293 3268 371 3345; x_wconf 87' lang='lat' dir='ltr'><strong>aput</strong></span> <span class='ocrx_word' id='word_1_225' title='bbox 382 3256 407 3300; x_wconf 87' lang='lat'><strong>¹⁰</strong></span> <span class='ocrx_word' id='word_1_226' title='bbox 422 3250 752 3318; x_wconf 83' lang='lat' dir='ltr'><strong>Belsounncumrilla</strong></span> <span class='ocrx_word' id='word_1_227' title='bbox 770 3251 865 3338; x_wconf 69' lang='lat' dir='ltr'><strong>quel¹</strong></span> <span class='ocrx_word' id='word_1_228' title='bbox 883 3251 915 3314; x_wconf 88' lang='lat' dir='ltr'><strong>in</strong></span> <span class='ocrx_word' id='word_1_229' title='bbox 935 3250 1045 3316; x_wconf 92' lang='lat' dir='ltr'><strong>medio</strong></span> <span class='ocrx_word' id='word_1_230' title='bbox 1062 3251 1318 3320; x_wconf 81' lang='lat' dir='ltr'><strong>Arduennensis</strong></span> <span class='ocrx_word' id='word_1_231' title='bbox 1335 3257 1417 3339; x_wconf 76' lang='lat' dir='ltr'><strong>silve</strong></span> 
     </span>
     <span class='ocr_line' id='line_1_29' title="bbox 292 3351 1417 3450; baseline 0.003 -28"><span class='ocrx_word' id='word_1_232' title='bbox 292 3359 352 3422; x_wconf 83' lang='lat' dir='ltr'><strong>sita</strong></span> <span class='ocrx_word' id='word_1_233' title='bbox 374 3369 436 3427; x_wconf 79' lang='lat' dir='ltr'><strong>est,</strong></span> <span class='ocrx_word' id='word_1_234' title='bbox 458 3380 531 3419; x_wconf 91' lang='lat' dir='ltr'><strong>cum</strong></span> <span class='ocrx_word' id='word_1_235' title='bbox 553 3356 621 3418; x_wconf 91' lang='lat' dir='ltr'><strong>suis</strong></span> <span class='ocrx_word' id='word_1_236' title='bbox 641 3351 867 3442; x_wconf 82' lang='lat' dir='ltr'><strong>coniungitur.</strong></span> <span class='ocrx_word' id='word_1_237' title='bbox 894 3352 1012 3440; x_wconf 91' lang='lat' dir='ltr'><strong>lbique</strong></span> <span class='ocrx_word' id='word_1_238' title='bbox 1036 3354 1272 3421; x_wconf 88' lang='lat' dir='ltr'><strong>Brnnechildis</strong></span> <span class='ocrx_word' id='word_1_239' title='bbox 1300 3360 1417 3450; x_wconf 86' lang='lat' dir='ltr'><strong>regina</strong></span> 
     </span>
     <span class='ocr_line' id='line_1_30' title="bbox 291 3453 1416 3550; baseline 0.002 -26"><span class='ocrx_word' id='word_1_240' title='bbox 291 3485 352 3549; x_wconf 90' lang='lat' dir='ltr'><strong>pro</strong></span> <span class='ocrx_word' id='word_1_241' title='bbox 367 3458 518 3548; x_wconf 82' lang='lat' dir='ltr'><strong>lugunde</strong></span> <span class='ocrx_word' id='word_1_242' title='bbox 531 3457 609 3536; x_wconf 81' lang='lat' dir='ltr'><strong>filia,</strong></span> <span class='ocrx_word' id='word_1_243' title='bbox 626 3480 690 3544; x_wconf 87' lang='lat' dir='ltr'><strong>que</strong></span> <span class='ocrx_word' id='word_1_244' title='bbox 704 3455 812 3520; x_wconf 90' lang='lat' dir='ltr'><strong>adhoc</strong></span> <span class='ocrx_word' id='word_1_245' title='bbox 829 3455 863 3518; x_wconf 91' lang='lat' dir='ltr'><strong>in</strong></span> <span class='ocrx_word' id='word_1_246' title='bbox 879 3453 989 3519; x_wconf 81' lang='lat' dir='ltr'><strong>Africa</strong></span> <span class='ocrx_word' id='word_1_247' title='bbox 1005 3456 1206 3543; x_wconf 68' lang='lat' dir='ltr'><strong>tellnebatun</strong></span> <span class='ocrx_word' id='word_1_248' title='bbox 1226 3457 1239 3550; x_wconf 74' lang='lat' dir='ltr'><strong>ll</strong></span> <span class='ocrx_word' id='word_1_249' title='bbox 1255 3463 1416 3528; x_wconf 88' lang='lat' dir='ltr'><strong>omnibus</strong></span> 
     </span>
     <span class='ocr_line' id='line_1_31' title="bbox 291 3556 1459 3651; baseline 0.005 -25"><span class='ocrx_word' id='word_1_250' title='bbox 291 3562 483 3651; x_wconf 81' lang='lat' dir='ltr'><strong>prio[1·i]bus</strong></span> <span class='ocrx_word' id='word_1_251' title='bbox 511 3572 625 3646; x_wconf 91' lang='lat' dir='ltr'><strong>questa</strong></span> <span class='ocrx_word' id='word_1_252' title='bbox 658 3571 720 3636; x_wconf 90' lang='lat' dir='ltr'><strong>est,</strong></span> <span class='ocrx_word' id='word_1_253' title='bbox 745 3556 803 3621; x_wconf 89' lang='lat' dir='ltr'><strong>sed</strong></span> <span class='ocrx_word' id='word_1_254' title='bbox 836 3581 952 3644; x_wconf 88' lang='lat' dir='ltr'><strong>parum</strong></span> <span class='ocrx_word' id='word_1_255' title='bbox 981 3558 1227 3625; x_wconf 90' lang='lat' dir='ltr'><strong>consolacionis</strong></span> <span class='ocrx_word' id='word_1_256' title='bbox 1257 3567 1415 3630; x_wconf 91' lang='lat' dir='ltr'><strong>emeruit.</strong></span> <span class='ocrx_word' id='word_1_257' title='bbox 1436 3594 1459 3632; x_wconf 80' lang='lat' dir='ltr'><strong>aa</strong></span> 
     </span>
     <span class='ocr_line' id='line_1_32' title="bbox 291 3661 1417 3734; baseline 0.003 -5"><span class='ocrx_word' id='word_1_258' title='bbox 291 3669 384 3730; x_wconf 80' lang='lat' dir='ltr'><strong>&#39;l&#39;unc</strong></span> <span class='ocrx_word' id='word_1_259' title='bbox 405 3676 520 3727; x_wconf 87' lang='lat' dir='ltr'><strong>contra</strong></span> <span class='ocrx_word' id='word_1_260' title='bbox 541 3665 706 3725; x_wconf 87' lang='lat' dir='ltr'><strong>Bosonem</strong></span> <span class='ocrx_word' id='word_1_261' title='bbox 732 3661 1004 3723; x_wconf 89' lang='lat' dir='ltr'><strong>Guutchramnus</strong></span> <span class='ocrx_word' id='word_1_262' title='bbox 1030 3683 1127 3724; x_wconf 89' lang='lat' dir='ltr'><strong>causa</strong></span> <span class='ocrx_word' id='word_1_263' title='bbox 1145 3665 1307 3730; x_wconf 85' lang='lat' dir='ltr'><strong>exoritur.</strong></span> <span class='ocrx_word' id='word_1_264' title='bbox 1328 3669 1417 3734; x_wconf 88' lang='lat' dir='ltr'><strong>Ante</strong></span> 
     </span>
     <span class='ocr_line' id='line_1_33' title="bbox 291 3761 1414 3855; baseline 0.004 -25"><span class='ocrx_word' id='word_1_265' title='bbox 291 3791 415 3855; x_wconf 90' lang='lat' dir='ltr'><strong>paucus</strong></span> <span class='ocrx_word' id='word_1_266' title='bbox 426 3766 449 3809; x_wconf 67' lang='lat'><strong>¹²</strong></span> <span class='ocrx_word' id='word_1_267' title='bbox 462 3778 569 3828; x_wconf 90' lang='lat' dir='ltr'><strong>autem</strong></span> <span class='ocrx_word' id='word_1_268' title='bbox 586 3761 657 3826; x_wconf 89' lang='lat' dir='ltr'><strong>dies</strong></span> <span class='ocrx_word' id='word_1_269' title='bbox 672 3774 797 3825; x_wconf 89' lang='lat' dir='ltr'><strong>mortua</strong></span> <span class='ocrx_word' id='word_1_270' title='bbox 809 3762 997 3849; x_wconf 89' lang='lat' dir='ltr'><strong>propinqua</strong></span> <span class='ocrx_word' id='word_1_271' title='bbox 1015 3761 1126 3826; x_wconf 84' lang='lat' dir='ltr'><strong>uxoris</strong></span> <span class='ocrx_word' id='word_1_272' title='bbox 1142 3763 1214 3830; x_wconf 91' lang='lat' dir='ltr'><strong>eius</strong></span> <span class='ocrx_word' id='word_1_273' title='bbox 1230 3767 1303 3833; x_wconf 85' lang='lat' dir='ltr'><strong>sine</strong></span> <span class='ocrx_word' id='word_1_274' title='bbox 1321 3768 1414 3852; x_wconf 85' lang='lat' dir='ltr'><strong>filiis,</strong></span> 
     </span>
    </p>
   </div>
   <div class='ocr_carea' id='block_1_5' title="bbox 1059 3939 1413 3957">
    <p class='ocr_par' dir='ltr' id='par_1_5' title="bbox 1059 3939 1413 3957">
     <span class='ocr_line' id='line_1_34' title="bbox 1059 3939 1413 3957; baseline 0.003 -1"><span class='ocrx_word' id='word_1_275' title='bbox 1059 3939 1413 3957; x_wconf 48' lang='grc' dir='ltr'>Ἢ</span> 
     </span>
    </p>
   </div>
   <div class='ocr_carea' id='block_1_6' title="bbox 288 4035 1416 4292">
    <p class='ocr_par' dir='ltr' id='par_1_6' title="bbox 288 4035 1416 4292">
     <span class='ocr_line' id='line_1_35' title="bbox 320 4035 1412 4103; baseline 0.004 -16"><span class='ocrx_word' id='word_1_276' title='bbox 320 4041 343 4087; x_wconf 84' lang='lat' dir='ltr'><strong>l.</strong></span> <span class='ocrx_word' id='word_1_277' title='bbox 359 4043 428 4087; x_wconf 69' lang='lat' dir='ltr'><strong>sorr.</strong></span> <span class='ocrx_word' id='word_1_278' title='bbox 449 4036 542 4085; x_wconf 81' lang='lat' dir='ltr'><strong>extitit.</strong></span> <span class='ocrx_word' id='word_1_279' title='bbox 557 4065 588 4072; x_wconf 94' lang='lat'>-</span> <span class='ocrx_word' id='word_1_280' title='bbox 600 4039 623 4084; x_wconf 77' lang='grc'><strong>2.</strong></span> <span class='ocrx_word' id='word_1_281' title='bbox 641 4040 711 4084; x_wconf 73' lang='lat' dir='ltr'><strong>sorr.</strong></span> <span class='ocrx_word' id='word_1_282' title='bbox 727 4035 831 4091; x_wconf 73' lang='lat' dir='ltr'><strong>Genea..</strong></span> <span class='ocrx_word' id='word_1_283' title='bbox 843 4038 865 4093; x_wconf 83' lang='lat'><strong>5,</strong></span> <span class='ocrx_word' id='word_1_284' title='bbox 877 4037 900 4084; x_wconf 75' lang='grc'><strong>’2.</strong></span> <span class='ocrx_word' id='word_1_285' title='bbox 917 4061 945 4071; x_wconf 86' lang='lat'><em>—</em></span> <span class='ocrx_word' id='word_1_286' title='bbox 961 4037 983 4082; x_wconf 84' lang='lat'><strong>3.</strong></span> <span class='ocrx_word' id='word_1_287' title='bbox 1003 4039 1073 4084; x_wconf 75' lang='lat' dir='ltr'><strong>sorr.</strong></span> <span class='ocrx_word' id='word_1_288' title='bbox 1086 4037 1123 4085; x_wconf 87' lang='lat' dir='ltr'><strong>sie</strong></span> <span class='ocrx_word' id='word_1_289' title='bbox 1135 4037 1233 4103; x_wconf 87' lang='lat' dir='ltr'><strong>ntique.</strong></span> <span class='ocrx_word' id='word_1_290' title='bbox 1245 4068 1276 4078; x_wconf 92' lang='lat'><strong>·-</strong></span> <span class='ocrx_word' id='word_1_291' title='bbox 1288 4044 1312 4090; x_wconf 78' lang='lat'><strong>4.</strong></span> <span class='ocrx_word' id='word_1_292' title='bbox 1327 4044 1412 4100; x_wconf 79' lang='lat' dir='ltr'><strong>loon,</strong></span> 
     </span>
     <span class='ocr_line' id='line_1_36' title="bbox 289 4101 1416 4164; baseline 0.002 -14"><span class='ocrx_word' id='word_1_293' title='bbox 289 4105 311 4159; x_wconf 73' lang='lat'><strong>2,</strong></span> <span class='ocrx_word' id='word_1_294' title='bbox 325 4105 348 4150; x_wconf 74' lang='lat' dir='ltr'><strong>l.</strong></span> <span class='ocrx_word' id='word_1_295' title='bbox 366 4130 398 4138; x_wconf 95' lang='lat'>-</span> <span class='ocrx_word' id='word_1_296' title='bbox 414 4107 437 4149; x_wconf 88' lang='lat'><strong>5.</strong></span> <span class='ocrx_word' id='word_1_297' title='bbox 455 4101 723 4164; x_wconf 69' lang='lat' dir='ltr'><strong>reprehendebantur.</strong></span> <span class='ocrx_word' id='word_1_298' title='bbox 743 4128 774 4137; x_wconf 85' lang='lat'>—</span> <span class='ocrx_word' id='word_1_299' title='bbox 793 4102 817 4146; x_wconf 83' lang='lat'><strong>6.</strong></span> <span class='ocrx_word' id='word_1_300' title='bbox 838 4101 908 4147; x_wconf 74' lang='lat' dir='ltr'><strong>sorr.</strong></span> <span class='ocrx_word' id='word_1_301' title='bbox 930 4106 1075 4162; x_wconf 83' lang='lat' dir='ltr'><strong>putaretur.</strong></span> <span class='ocrx_word' id='word_1_302' title='bbox 1088 4123 1116 4137; x_wconf 84' lang='lat'><strong>-·</strong></span> <span class='ocrx_word' id='word_1_303' title='bbox 1128 4103 1151 4148; x_wconf 88' lang='grc'><strong>7.</strong></span> <span class='ocrx_word' id='word_1_304' title='bbox 1168 4105 1239 4151; x_wconf 85' lang='lat' dir='ltr'><strong>Corr.</strong></span> <span class='ocrx_word' id='word_1_305' title='bbox 1254 4103 1371 4153; x_wconf 81' lang='lat' dir='ltr'><strong>lecisset.</strong></span> <span class='ocrx_word' id='word_1_306' title='bbox 1385 4132 1416 4143; x_wconf 88' lang='lat'><strong>·-</strong></span> 
     </span>
     <span class='ocr_line' id='line_1_37' title="bbox 288 4161 1414 4227; baseline -0.004 -15"><span class='ocrx_word' id='word_1_307' title='bbox 288 4169 309 4212; x_wconf 87' lang='grc'><strong>8.</strong></span> <span class='ocrx_word' id='word_1_308' title='bbox 324 4169 394 4212; x_wconf 77' lang='lat' dir='ltr'><strong>Corr.</strong></span> <span class='ocrx_word' id='word_1_309' title='bbox 408 4166 512 4210; x_wconf 88' lang='lat' dir='ltr'><strong>multos.</strong></span> <span class='ocrx_word' id='word_1_310' title='bbox 526 4189 552 4198; x_wconf 86' lang='lat'>-</span> <span class='ocrx_word' id='word_1_311' title='bbox 564 4167 588 4209; x_wconf 77' lang='lat'><strong>9.</strong></span> <span class='ocrx_word' id='word_1_312' title='bbox 599 4166 668 4209; x_wconf 83' lang='lat' dir='ltr'><strong>Corr.</strong></span> <span class='ocrx_word' id='word_1_313' title='bbox 677 4161 818 4227; x_wconf 73' lang='lat' dir='ltr'><strong>episcopos</strong></span> <span class='ocrx_word' id='word_1_314' title='bbox 828 4178 977 4226; x_wconf 82' lang='lat' dir='ltr'><strong>corporum.</strong></span> <span class='ocrx_word' id='word_1_315' title='bbox 990 4189 1021 4198; x_wconf 90' lang='lat'><strong>·-</strong></span> <span class='ocrx_word' id='word_1_316' title='bbox 1029 4164 1065 4209; x_wconf 83' lang='lat'><strong>10.</strong></span> <span class='ocrx_word' id='word_1_317' title='bbox 1080 4165 1150 4211; x_wconf 85' lang='lat' dir='ltr'><strong>Corr.</strong></span> <span class='ocrx_word' id='word_1_318' title='bbox 1160 4165 1239 4227; x_wconf 87' lang='lat' dir='ltr'><strong>apud.</strong></span> <span class='ocrx_word' id='word_1_319' title='bbox 1250 4189 1278 4202; x_wconf 90' lang='lat'><strong>·-</strong></span> <span class='ocrx_word' id='word_1_320' title='bbox 1289 4168 1327 4215; x_wconf 83' lang='grc'><strong>11.</strong></span> <span class='ocrx_word' id='word_1_321' title='bbox 1340 4171 1414 4216; x_wconf 72' lang='lat' dir='ltr'><strong>corr,</strong></span> 
     </span>
     <span class='ocr_line' id='line_1_38' title="bbox 288 4228 644 4292; baseline -0.011 -18"><span class='ocrx_word' id='word_1_322' title='bbox 288 4244 347 4292; x_wconf 60' lang='lat' dir='ltr'><strong>que.</strong></span> <span class='ocrx_word' id='word_1_323' title='bbox 361 4255 392 4262; x_wconf 95' lang='lat'><em>-</em></span> <span class='ocrx_word' id='word_1_324' title='bbox 402 4228 439 4273; x_wconf 78' lang='lat'>1‘2.</span> <span class='ocrx_word' id='word_1_325' title='bbox 453 4229 523 4272; x_wconf 70' lang='lat' dir='ltr'><strong>sorr.</strong></span> <span class='ocrx_word' id='word_1_326' title='bbox 538 4241 644 4289; x_wconf 80' lang='lat' dir='ltr'><strong>paucos.</strong></span> 
     </span>
    </p>
   </div>
   <div class='ocr_carea' id='block_1_7' title="bbox 0 0 1482 5010">
    <p class='ocr_par' dir='ltr' id='par_1_7' title="bbox 0 0 1482 5010">
     <span class='ocr_line' id='line_1_39' title="bbox 0 0 1482 5010; baseline 0 1"><span class='ocrx_word' id='word_1_327' title='bbox 0 0 1482 5010; x_wconf 95' lang='lat' dir='ltr'><strong> </strong></span> 
     </span>
    </p>
   </div>
  </div>
 </body>
</html>
