2954 5010
134 1552 189 1600 1²01.
207 1553 261 1601 263.

138 3079 195 3127 Col.
210 3079 264 3125 131,

109 3478 164 3525 1²01.
176 3479 221 3525 263
232 3486 266 3526 γ’.

277 396 322 444 101
557 390 716 442 GREGORII
733 388 943 439 tunonensis
960 387 1111 438 urtscorl

275 525 432 590 temtans,
455 511 496 574 ab
516 508 726 573 adtantibusl
749 508 792 571 ita
812 505 1014 571 laoniarum2
1033 504 1249 570 multitudine
1270 505 1397 571 sancia·

276 628 343 692 tur,
363 627 411 692 ut,
434 612 571 678 deflexis
592 611 625 675 in
644 611 804 676 lateribus
825 609 896 674 eius
917 610 1055 698 spiculis
1074 621 1108 673 et
1128 609 1397 674 sustentantibus

277 716 442 795 astilibus,
471 715 512 780 ad
537 728 658 779 terram
688 737 784 778 ruere
812 736 879 777 non
908 711 1028 800 possit.
1057 709 1230 775 Interleeti
1260 725 1339 776 sunt
1365 725 1397 776 et

276 819 371 908 pauci
396 820 549 907 quicum
572 842 611 881 eo
637 828 731 880 erant
756 814 967 904 expositique
992 814 1025 878 in
1049 838 1167 901 campo
1189 812 1302 880 simul.
1329 819 1397 882 Pro

275 921 398 1010 quibus
417 922 468 984 vix
488 921 662 984 obtentum
686 920 746 983 suit
766 943 840 982 cum
860 916 1084 1006 principibus,
1106 930 1143 981 ut
1163 930 1252 981 terre
1273 918 1396 982 conde·
1428 947 1440 984 5

278 1035 405 1090 rentur.
426 1021 503 1087 Fuit
515 1035 624 1085 autem
640 1021 694 1084 hic
710 1021 744 1084 in
757 1033 832 1083 actu
848 1018 941 1098 levis,
955 1018 1275 1099 avariciaeinhienS,
1286 1044 1396 1084 rerum

277 1125 458 1188 alienarum
483 1125 568 1188 oltra
593 1122 725 1187 modom
751 1121 905 1210 cupidus,
932 1123 1087 1186 omnibus
1111 1124 1226 1187 iurans
1254 1135 1289 1186 et
1315 1122 1396 1187 nulli

277 1226 443 1315 promisa³
463 1226 661 1314 adimplens.
688 1228 777 1291 Uxor
797 1237 905 1289 autem
924 1224 994 1289 eius
1013 1249 1087 1289 cum
1107 1224 1185 1290 filiis
1203 1224 1305 1290 exilio
1322 1225 1396 1288 data

277 1342 340 1408 est,
368 1354 487 1419 resque
510 1328 599 1393 illius
620 1328 699 1392 fisco
722 1327 853 1391 conlate
879 1340 966 1393 sunt.
992 1327 1172 1392 Multitudo
1194 1341 1306 1392 autem
1327 1327 1397 1393 auri

277 1432 475 1523 argentique
489 1456 525 1496 ac
542 1432 745 1495 diversarum
762 1430 950 1519 specirum'*
965 1430 997 1494 io
1016 1430 1086 1495 eius
1102 1430 1247 1520 regestis
1264 1444 1397 1519 reperta
1417 1460 1440 1498 1⁰

277 1549 340 1600 est.
359 1535 372 1624 ll
391 1536 457 1600 Sed
471 1548 581 1622 etque
596 1535 712 1598 subter
725 1534 960 1612 absconderat,
979 1533 1170 1598 stimulante
1184 1535 1396 1599 consciencia

277 1637 493 1725 iniquitates-‘³
511 1662 581 1715 sue,
609 1637 699 1701 nun6
721 1638 900 1700 latuerunt.
928 1636 1062 1700 Ariolus
1083 1661 1121 1702 ac
1141 1636 1242 1700 sortis
1263 1636 1396 1725 saepius

278 1740 457 1819 utibatur⁷‚
480 1765 519 1804 ex
541 1739 662 1829 quibus
679 1740 788 1803 lutura
805 1740 1033 1829 cognoscere8
1057 1738 1210 1828 cupiens,
1237 1739 1399 1804 remansit

278 1843 420 1909 inlusus,

322 2029 379 2092 ΧΙ.
407 2028 478 2092 Rex
496 2050 572 2091 vcro
592 2026 865 2091 Guntchramnus
887 2050 960 2089 cum
978 2025 1122 2114 nepnte⁹
1141 2051 1200 2090 suo
1216 2048 1254 2090 ac
1271 2027 1400 2115 reginis
1421 2058 1444 2096 15

278 2154 394 2218 pacem
412 2129 565 2208 firmavit,
586 2129 672 2193 datis
693 2127 758 2192 sibi
777 2128 917 2193 invicem
941 2130 1134 2193 muneribus
1149 2153 1187 2194 ac
1204 2129 1400 2194 stabilitatis

279 2234 386 2296 causis
420 2231 601 2320 pupplicis,
636 2229 794 2318 epolati¹0
822 2243 899 2294 sunt
932 2232 1069 2318 pariter.
1104 2230 1275 2295 Laudabat
1309 2231 1401 2296 enim

279 2335 456 2398 Dominum
471 2334 743 2399 Guntchramnus
759 2357 826 2410 rex,
843 2333 978 2397 dicens:
997 2359 1012 2396 a
1028 2333 1148 2398 Refero
1162 2331 1224 2397 tibi
1238 2335 1401 2399 maximas

278 2437 452 2526 gracias¹¹,
476 2438 687 2524 omnipotens
708 2438 810 2513 Deus,
832 2436 888 2524 qui
908 2435 989 2499 mibi
1009 2436 1206 2524 prestetisti,
1230 2447 1266 2499 ut
1284 2435 1401 2502 videre

281 2568 407 2608 merear
428 2543 514 2606 filios
537 2544 578 2607 de
602 2542 669 2606 filio
691 2566 763 2606 meo
787 2542 1018 2608 Childeberto.
1041 2541 1138 2607 Unde
1159 2567 1226 2607 non
1245 2567 1297 2606 me
1317 2557 1402 2631 puto
1422 2572 1448 2610 ao

280 2669 517 2734 usquequaque
537 2671 553 2709 a
573 2659 628 2709 tua
648 2644 834 2709 miestate¹2
852 2644 981 2723 relicto,
1001 2669 1067 2733 que
1086 2644 1168 2708 mihi
1185 2646 1249 2710 hec
1267 2657 1402 2735 preste·

279 2748 350 2812 tisti
361 2749 396 2827 ¹3,
412 2762 448 2812 ut
462 2747 590 2812 videam
606 2746 693 2811 filios
708 2747 767 2811 lilii
783 2747 859 2812 mei.
878 2775 895 2811 n
911 2749 1004 2811 Tunc
1021 2747 1209 2812 Dinamium
1224 2761 1257 2811 et
1271 2750 1402 2837 Lupum

281 2851 397 2915 ducem
418 2849 569 2914 redditus
581 2848 604 2894 ¹4
622 2873 678 2912 rex
698 2849 936 2913 Childebertus
952 2851 1091 2937 recepit,
1113 2849 1302 2914 Cadurcum
1319 2853 1404 2916 Bru-

282 2952 435 3017 nechilde
459 2950 592 3016 refudit.
619 2955 659 3016 Et
683 2950 729 3016 sic
753 2976 828 3016 cum
850 2976 932 3040 pace
957 2965 989 3016 et
1010 2951 1132 3041 gaudio
1154 2953 1277 3017 iterum
1302 2966 1404 3042 atque

282 3056 401 3121 iterum
426 3059 497 3120 Deo
521 3056 649 3145 gracias
673 3067 824 3144 agentes,
848 3054 1049 3141 conscriptis
1065 3053 1344 3142 paccionissbusss,
1369 3081 1405 3121 se
1424 3086 1451 3125 25

283 3157 572 3223 remunerantibus
599 3171 633 3222 et
661 3156 866 3235 osculantes,
891 3181 1064 3246 regressus
1089 3169 1140 3220 est
1169 3158 1405 3248 unusquisque

282 3261 347 3344 a[d]
368 3261 533 3326 civitatem
556 3285 660 3327 suam.
680 3259 692 3348 ΙΙ

327 3458 399 3519 Xll.
423 3455 660 3520 Childebertus
683 3479 761 3519 vero
787 3479 855 3535 rex,
883 3457 1024 3520 collecto
1047 3455 1207 3534 exercitu,
1230 3456 1272 3520 ad
1292 3458 1406 3524 locum

283 3557 385 3645 dirigi
409 3558 514 3634 iubet,
538 3556 572 3620 in
595 3583 633 3622 co
656 3558 753 3624 Ursio
776 3582 813 3621 ac
837 3558 1052 3622 Bertelredus
1076 3556 1197 3622 inclusi
1223 3554 1406 3627 moraban-

284 3661 381 3723 turlfi.
415 3662 493 3723 Erat
521 3661 608 3724 enim
638 3661 714 3724 villa
744 3659 778 3724 in
805 3685 891 3751 pago
922 3663 1105 3739 Vabreose,
1134 3661 1188 3725 cui
1215 3663 1408 3731 inminebat
1427 3691 1454 3730 ao

285 3785 379 3825 mons
396 3761 531 3825 arduus.
549 3765 586 3826 ln
603 3763 700 3826 huius
717 3764 888 3828 cacumine
905 3762 1075 3827 basilicam
1092 3763 1124 3826 in
1141 3786 1245 3828 onore
1254 3764 1279 3809 Π
1295 3769 1407 3833 sancti

316 3971 337 4020 1.
357 3972 428 4018 Corr.
445 3969 619 4020 adstantibus.
635 4000 665 4007 -
682 3974 704 4018 2.
727 3974 797 4020 Corr.
816 3973 975 4020 lancearum.
991 4002 1022 4009 -
1038 3975 1061 4020 3.
1080 3976 1151 4020 Corr.
1171 3973 1315 4036 promissa.
1330 4002 1365 4012 —-
1383 3979 1408 4028 4.

285 4035 356 4080 Corr.
371 4033 526 4095 specierum.
541 4062 572 4069 -
587 4039 610 4081 5.
633 4037 703 4081 Corr.
719 4033 874 4096 iniquitatis.
887 4064 919 4071 —
935 4038 958 4084 6.
975 4038 1046 4083 Corr.
1062 4050 1122 4082 non.
1135 4063 1166 4072 —
1180 4035 1203 4083 7'.
1223 4037 1296 4084 Corr.
1310 4039 1409 4087 uteba-

284 4102 335 4142 tur.
348 4124 379 4130 -—
395 4098 418 4142 8.
436 4098 507 4142 Corr.
525 4112 691 4160 cognoscere.
707 4123 734 4131 -
750 4099 772 4143 9.
792 4100 862 4145 Corr.
882 4115 912 4145 ne
933 4106 983 4145 ote.
1001 4098 1082 4145 -10.
1100 4100 1170 4146 Corr.
1189 4098 1301 4161 epulati.
1319 4128 1352 4136 -
1368 4102 1408 4149 ll.

285 4160 354 4204 Corr.
379 4158 487 4220 gratias.
507 4187 538 4195 -
555 4161 591 4206 12.
611 4163 683 4207 Corr.
704 4158 850 4205 maiestate.
867 4187 894 4196 -
912 4116 948 4210 li.
968 4163 1039 4208 Corr.
1060 4159 1209 4223 prestitisti.
1230 4187 1258 4197 -
1274 4162 1315 4209 14.
1331 4164 1408 4213 Corr.

284 4220 409 4328 godditus.
428 4249 455 4256 -
474 4223 511 4269 15.
533 4225 603 4269 Corr.
624 4220 800 4285 pactionibus.
821 4249 848 4257 —
871 4224 909 4271 16.
931 4226 1000 4270 Corr.
1022 4223 1202 4271 morabantur.
1223 4249 1254 4259 -
1272 4223 1313 4272 17.
1332 4226 1409 4275 Corr.

303 4299 391 4332 onore.
