2954 5010
254 404 284 450 70
534 397 692 448 GREGORII
709 397 918 447 Tuaoxnn'sts
935 398 1085 448 EPISCOI'I

255 518 436 584 Galliarum
460 516 638 581 terminum
664 516 810 593 habitur,
839 515 910 580 eius
932 513 1156 579 dominacioni
1181 514 1371 594 subderint,

255 634 287 685 ct
309 622 357 684 sic
382 619 415 683 in
440 632 534 683 antea
558 619 870 707 profeciscerentur.
891 622 976 685 Dum
999 631 1107 682 autem
1129 619 1184 682 hic
1208 617 1373 682 exercitus

255 736 455 800 moveretur,
477 722 689 786 indeculum¹
711 746 786 786 eum
808 722 920 785 nescio
944 720 1065 808 quibus
1085 720 1278 785 homiuibus
1301 745 1373 785 rus-

254 827 329 890 ticis
350 839 400 890 est
421 839 601 914 repertum.
624 829 731 908 Quem
751 838 784 888 et
802 824 1080 888 Guntbchramno
1101 823 1172 913 regi
1192 824 1372 912 legendum

257 930 430 1002 miserunt,
458 927 520 991 hoc
543 928 653 1004 modo,
679 926 771 1014 quasi
796 926 1031 991 Leuvielrildus
1053 926 1093 990 ad
1115 926 1372 1014 Fredegundem
1405 953 1416 990 a

256 1029 422 1107 scriberit,
441 1043 477 1094 ut
494 1029 727 1118 quodcumque
746 1028 883 1118 ingenio
902 1029 1083 1093 exercitum
1102 1028 1179 1094 illuc
1196 1028 1244 1092 ire
1262 1028 1372 1116 probi·

256 1133 343 1196 berit
353 1133 377 1207 ²,
398 1131 513 1197 dicens
534 1157 540 1194 :
564 1160 580 1192 «
604 1133 759 1195 Inimicus
776 1145 921 1209 nostrus,
939 1131 973 1195 id
996 1145 1045 1196 est
1065 1131 1318 1196 Childebertum
1342 1144 1374 1195 et

112 1249 167 1296 For.
185 1250 239 1297 238.
257 1249 393 1299 matrem
408 1236 491 1311 eim,
510 1235 667 1299 velociter
679 1234 867 1299 interenrite
884 1233 897 1323 {l
914 1247 947 1298 et
960 1258 1034 1298 cum
1047 1259 1126 1324 rege
1138 1236 1373 1300 Guntbramno

257 1362 370 1426 pacem
388 1339 481 1415 inite,
499 1338 587 1426 quod
604 1338 740 1424 premiis
758 1337 869 1400 multis
885 1335 1037 1403 coemite.
1054 1339 1095 1401 Et
1110 1336 1137 1400 si
1154 1339 1248 1401 vobis
1266 1336 1373 1400 minus

256 1454 307 1504 est
332 1441 482 1504 fortassis
508 1439 661 1527 pecunia,
690 1464 749 1503 nos
777 1440 860 1503 clam
890 1439 1069 1517 mittemus,
1096 1452 1223 1504 tantum
1251 1452 1286 1503 ut
1311 1464 1373 1527 que
1393 1465 1415 1503 n

257 1542 399 1631 petimus
432 1543 638 1630 impleamus.
670 1544 753 1607 Cum
781 1555 890 1605 autem
918 1541 959 1606 de
988 1541 1133 1606 inimicis
1163 1543 1286 1606 nostris
1316 1541 1373 1605 ulti

258 1645 428 1723 fuerimus,
458 1658 537 1709 tunc
566 1645 693 1709 Aurelio
722 1643 881 1732 episcopo
911 1669 947 1709 ac
974 1647 1085 1724 Leubc
1112 1658 1262 1723 matrone
1290 1646 1374 1707 bona

258 1746 408 1824 tribuite,
436 1772 496 1834 per
521 1771 603 1835 quos
631 1747 740 1811 missis
765 1747 888 1811 nostris
913 1747 953 1811 ad
978 1773 1035 1812 vos
1058 1747 1242 1812 accedendi
1267 1747 1375 1812 aditus

260 1862 437 1915 reseratur.
460 1877 475 1910 υ
499 1850 608 1914 Leuba
630 1848 717 1913 enim
738 1861 790 1913 est
809 1874 924 1914 socrus
943 1850 1144 1914 Blandastus
1165 1850 1273 1914 ducis.

305 2059 456 2125 XXVIIII
474 2057 551 2138 [40].
580 2060 621 2121 Et
635 2057 714 2122 licet
730 2057 791 2137 hec
809 2059 848 2122 ad
871 2060 1103 2124 Guntbrarnno
1120 2083 1231 2149 regem
1250 2059 1377 2146 perlata
1399 2085 1422 2123 15

259 2175 292 2224 et
312 2158 425 2248 nepoti
445 2184 504 2223 suo
527 2160 743 2224 Childeberto
762 2160 795 2223 in
818 2160 972 2224 notitiam
991 2161 1066 2225 data
1087 2162 1241 2240 fuissent,
1266 2175 1378 2226 tamen

260 2267 284 2329 F
288 2262 491 2352 redegundis
511 2262 594 2326 duos
613 2262 738 2326 cultrus
758 2263 884 2327 ferreus
902 2263 972 2330 fieri
990 2264 1155 2352 precepit,
1175 2288 1260 2352 quos
1278 2264 1378 2329 etiam

261 2364 407 2430 caraxari
432 2365 630 2453 profundius
655 2379 688 2429 et
713 2366 834 2429 venino
861 2365 952 2430 infici
979 2367 1088 2444 iussit,
1117 2380 1153 2430 ut
1177 2366 1321 2444 scilieet,
1353 2367 1381 2432 si

263 2467 410 2532 mortalis
437 2467 587 2532 adsultus
613 2467 721 2532 vitalis
755 2492 820 2531 non
852 2467 1042 2532 dissolverit
1072 2468 1194 2547 febras,
1226 2471 1277 2534 vel
1309 2472 1381 2559 ipsa

261 2571 373 2634 venini
407 2569 548 2634 infeccio
581 2570 680 2633 vitam
716 2572 823 2658 possit
860 2570 1004 2635 velocius
1039 2584 1250 2658 extorquere.
1287 2575 1382 2656 Quos
1403 2598 1428 2636 m

262 2674 389 2738 cultrus
407 2673 537 2736 duobus
558 2671 688 2736 clericis
707 2696 781 2736 cum
800 2673 861 2737 hec
882 2673 1034 2737 mandata
1054 2674 1212 2752 tradedit,
1232 2674 1352 2739 dicens
1374 2700 1382 2742 :

264 2803 280 2837 «
306 2773 465 2862 Accepite
491 2775 553 2838 hus
579 2773 709 2862 gladius
737 2788 770 2839 et
796 2776 992 2862 quantocius
1018 2776 1149 2865 pergite
1176 2776 1216 2840 ad
1243 2777 1383 2842 Childe-

263 2879 393 2941 bertum
418 2900 543 2965 regem,
565 2875 794 2940 adsimilautes
820 2901 877 2940 vos
902 2901 975 2941 esse
1000 2877 1206 2944 mendicus3.
1230 2879 1385 2969 Cumque

264 2978 406 3068 pedibus
424 2979 495 3041 eius
514 2977 643 3041 fueritis
663 2979 767 3055 strati,
788 2978 883 3067 quasi
901 2981 1020 3068 stipem
1039 2981 1258 3068 postulantes,
1279 2982 1386 3047 latera

264 3081 334 3146 eius
363 3092 503 3167 utraque
530 3079 706 3168 perfodite,
736 3093 772 3145 ut
799 3081 933 3144 tandem
963 3082 1211 3162 Brunechildis,
1245 3107 1311 3171 que
1344 3085 1386 3148 ab
1406 3111 1432 3147 25

265 3183 321 3247 illo
356 3182 589 3271 adroganciam
622 3181 768 3266 summit,
804 3206 843 3246 eo
877 3182 1015 3247 cadente
1047 3198 1196 3264 coornat,
1233 3185 1386 3276 mihique

266 3285 437 3349 subdatur.
457 3284 554 3366 Quod
574 3283 601 3346 si
617 3297 706 3348 tanta
725 3297 776 3348 est
791 3283 939 3348 costodia
959 3285 1044 3349 circa
1065 3310 1218 3374 puerum,
1239 3301 1275 3352 ut
1292 3312 1386 3353 acce·

123 3404 177 3455 col.
194 3406 247 3452 aee.
265 3388 344 3451 dere
368 3384 557 3473 nequeatis,
583 3386 633 3450 vel
655 3385 761 3474 ipsam
789 3386 976 3451 interemite
1001 3387 1178 3452 inimicam.
1213 3387 1225 3478 ll
1261 3391 1386 3455 blercis

265 3511 398 3577 quoque
420 3489 530 3575 operis
553 3489 653 3551 vestri
676 3489 737 3567 hec
761 3489 836 3567 erit,
862 3501 909 3566 ut,
937 3490 963 3553 si
989 3491 1110 3554 mortui
1134 3489 1168 3553 in
1193 3492 1257 3555 boc
1282 3515 1387 3579 opere

266 3589 408 3665 fueritis,
445 3589 639 3677 parentibus
677 3591 795 3654 vestris
831 3590 951 3654 bonam
986 3591 1142 3670 tribuam,
1183 3593 1275 3681 ipsis,
1321 3619 1386 3683 qne
1408 3620 1434 3658 aa

267 3691 459 3756 muneribus
489 3692 610 3770 ditans,
643 3692 769 3780 primus
798 3692 830 3755 in
861 3716 999 3780 regnum
1030 3718 1137 3758 meum
1168 3695 1385 3762 constituam.

268 3794 401 3858 Interim
427 3819 485 3858 vos
511 3795 664 3858 timorem
692 3819 824 3858 omnem
851 3794 1006 3873 omittite,
1037 3820 1097 3859 nec
1127 3797 1171 3860 sit
1199 3797 1389 3886 trepidacio

268 3896 382 3960 mortis
407 3895 440 3959 in
465 3910 612 3984 pectore.
642 3895 807 3961 Noveritis
832 3894 934 3973 enim,
961 3897 1049 3986 quod
1076 3912 1214 3962 cunctus
1239 3900 1388 3966 bominis

95 4019 251 4066 F01.‘.>38v⁰.
269 4000 329 4078 bec
353 4023 448 4063 causa
473 3999 634 4062 contenit.
655 3996 667 4086 ll
685 3996 817 4061 Armate
840 3997 1003 4064 viriletate
1026 3999 1151 4064 animus
1176 4014 1209 4064 et
1231 4002 1389 4070 conside.-

300 4249 322 4296 l.
342 4250 413 4296 Corr.
427 4247 579 4296 indiculum.
593 4274 620 4284 —
635 4249 656 4296 2.
673 4248 744 4294 corr.
760 4247 919 4310 prohiberet.
934 4276 963 4286 -
980 4252 1003 4297 3.
1019 4251 1089 4297 Corr.
1103 4249 1246 4304 mendicos.
