2954 5010
410 373 576 424 HISTORIAE
594 370 796 423 FRANCORUM
812 373 909 424 LlBER
926 375 980 423 VII.
1229 372 1257 420 21

136 490 270 556 ciebant
284 488 431 578 picturas
448 492 625 579 parietum,
645 490 809 554 rimabant
826 503 1019 555 ornamenta
1036 491 1125 554 beati
1146 488 1257 578 sepul-

135 593 201 671 cri;
230 592 320 680 quod
349 592 443 657 valde
470 592 693 658 facinorosum
718 591 914 682 relegionis¹
947 606 1026 658 erat.
1060 592 1158 673 Quod
1183 615 1258 656 cum

134 695 312 782 presbyter
329 694 561 785 cognovissit2,
585 693 702 759 defixis
723 694 822 758 clavis
847 718 947 782 super
971 695 1110 775 ostium,
1133 694 1259 758 serras3

127 794 270 883 aptavit.
291 798 359 875 Hec
373 795 429 859 ille
445 809 613 885 cumpost
629 819 744 876 cenam
759 795 835 860 vino
854 795 1019 861 maditus4
1035 795 1256 872 advertissit5,

104 923 118 961 5
134 909 167 962 et
185 921 245 961 uos
265 899 300 961 in
313 895 483 960 basilicam
499 899 533 961 in
551 897 688 963 inicium
706 896 813 962 noctis
835 897 994 962 orationis
1010 898 1117 988 gratia
1136 897 1258 985 psalle-

133 1000 236 1062 rimus
246 998 269 1078 θ,
290 998 490 1063 furibundus
508 999 698 1090 ingreditur
720 1023 839 1087 meque
861 999 1018 1064 conviciis
1040 1024 1077 1064 ae
1100 998 1259 1064 maledie·

133 1099 286 1164 cionibus
304 1123 448 1188 urguere
469 1101 576 1189 cepit,
594 1102 677 1166 illud
700 1101 788 1166 inter
815 1103 922 1191 iurgia
946 1104 1152 1190 exprobans,
1170 1101 1259 1188 quod

133 1226 196 1290 ego
213 1226 287 1266 eum
304 1202 408 1266 velem
429 1227 446 1267 a
469 1205 574 1268 sancti
595 1203 782 1269 antestitis⁷
810 1203 950 1268 fimbriis
978 1204 1160 1291 separaress.
1191 1204 1258 1268 Sed

134 1327 196 1393 ego
222 1316 376 1392 stupens,
400 1327 464 1390 que
481 1304 588 1369 virum
607 1305 744 1392 cepissit
763 1304 925 1385 insaniat,
948 1305 1081 1370 blandis
1100 1307 1258 1370 sermoni-

93 1431 119 1469 m
134 1406 196 1469 bus
211 1405 381 1471 mulcire¹⁰
397 1419 534 1472 conatus
550 1431 633 1470 sum.
648 1406 751 1487 Set¹¹‚
769 1430 842 1470 cum
857 1408 928 1471 eius
942 1408 1042 1472 sarias
1057 1407 1166 1472 verbis
1179 1407 1259 1471 leni-

134 1510 196 1573 bus
217 1533 373 1596 superare
393 1534 461 1574 non
477 1510 620 1596 possim,
645 1509 743 1572 silere
761 1508 904 1573 decrevi.
930 1509 990 1573 Ille
1010 1533 1087 1574 vero
1107 1533 1159 1573 me
1176 1508 1259 1573 taci-

133 1622 202 1674 tum
221 1610 416 1690 intendens,
439 1610 480 1674 ad
503 1611 761 1699 presbiterum¹2
786 1610 992 1690 convertitur
1013 1611 1200 1698 evomitque
1224 1612 1259 1674 in

133 1735 208 1774 eum
224 1712 326 1775 multa
351 1711 509 1776 convicia.
533 1713 615 1776 Nam
639 1723 671 1774 et
695 1711 788 1775 illum
808 1711 918 1774 verbis
938 1712 1135 1798 procacibus
1154 1725 1187 1775 et
1207 1737 1259 1776 me

133 1813 272 1877 diversis
293 1813 482 1901 obpropriis
503 1812 721 1902 inpugnabat.
749 1815 817 1880 Nos
841 1837 919 1877 vero
938 1837 1012 1876 cum
1035 1812 1225 1903 vidissimus
1236 1814 1260 1859 13

94 1938 220 1992 meum,
238 1913 334 1978 atita
352 1915 471 1994 dicam,
489 1914 542 2004 agi
561 1937 579 1977 a
599 1913 756 1994 demone,
779 1914 905 2003 egressi
925 1939 943 1979 a
962 1914 1098 1978 basilica
1123 1928 1256 1994 sancta,

133 2016 325 2080 scandalum
351 2015 548 2105 vigiliasque
581 2016 764 2095 finivimus,
795 2015 877 2079 illud
908 2017 1047 2080 maxime
1083 2015 1259 2105 indignum

134 2119 289 2196 serentes,
306 2118 396 2204 quod
413 2117 453 2181 ad
469 2120 532 2181 hoc
543 2117 689 2207 iurgium
705 2118 830 2204 absque
849 2118 1040 2182 reverencia
1057 2120 1162 2182 sancti
1182 2130 1257 2183 ante

133 2220 243 2306 ipsum
263 2219 453 2305 sepulcrum
480 2218 646 2282 antestitis
658 2219 684 2264 14
703 2218 913 2309 excitaverat.
939 2220 997 2282 His
1020 2219 1139 2283 diebus
1158 2219 1171 2310 {l
1189 2218 1257 2283 vidi
1268 2228 1321 2276 Fol·
1335 2230 1379 2275 197
1391 2236 1421 2274 v·

135 2320 313 2398 somnium,
327 2319 416 2407 quod
432 2319 497 2407 ipsi
515 2321 550 2384 in
563 2331 676 2383 sancta
689 2319 826 2383 basilica
838 2319 948 2398 retuli,
969 2319 1085 2384 dicens
1099 2346 1106 2383 :
1126 2347 1142 2382 a
1155 2323 1257 2384 Puta·

92 2447 119 2484 ao
134 2422 210 2485 bam
224 2445 276 2484 me
292 2422 386 2509 quasi
401 2419 435 2483 iu
452 2422 515 2485 hac
530 2422 667 2485 basilica
682 2434 893 2485 sacrosancta
905 2422 1079 2484 missarum
1098 2421 1258 2486 solemnia

134 2523 315 2586 celebrare.
348 2524 497 2608 Cumque
521 2523 586 2587 iam
615 2523 767 2587 altarium
796 2547 869 2586 cum
897 2521 1128 2586 oblacionibus
1156 2525 1257 2611 pallio

134 2623 277 2688 siricolf’
312 2635 505 2711 coopertum
553 2624 648 2704 cssit‚
693 2623 803 2688 sabito
819 2624 844 2668 16
883 2624 1127 2712 ingredientem
1164 2626 1257 2689 Gun-

132 2727 323 2789 thramnum
351 2748 464 2813 regem
491 2725 679 2814 conspicio,
710 2725 766 2813 qui
794 2749 874 2789 voce
905 2749 1024 2814 magua
1056 2726 1217 2790 clamabat
1249 2754 1255 2790 :

135 2853 151 2888 α
168 2827 339 2891 Extrahite
349 2827 521 2890 inimicum
531 2827 762 2916 generacionis
774 2840 900 2912 nostre,
914 2828 1044 2891 evellite
1055 2827 1257 2893 homicidam

89 2954 118 2992 25
134 2952 152 2991 a
168 2952 261 2991 sacro
281 2929 343 2991 Dei
358 2927 486 2992 altario.
508 2928 582 2993 »At
599 2953 682 3019 ego,
703 2954 777 2994 cum
794 2931 857 3008 hec
876 2929 1044 3008 audirem,
1064 2930 1105 2994 ad
1124 2943 1158 2994 te
1177 2955 1256 2994 con-

133 3054 247 3094 versus
270 3030 340 3094 dixi
365 3056 371 3093 :
396 3056 412 3092 «
439 3029 665 3117 Adprehende
689 3032 825 3119 pallium
851 3029 981 3109 altariS,
1014 3030 1163 3109 infilixll,
1191 3057 1257 3121 quo

134 3131 298 3196 sacrum18
310 3155 446 3196 munera
462 3144 696 3222 conteguntur,
719 3157 760 3197 ne
775 3134 854 3197 hinc
876 3131 1044 3197 abiciaris.
1066 3159 1083 3193 »
1108 3135 1255 3222 Cumque

134 3232 440 3321 adprehenderisll,
457 3234 530 3296 laxa
549 3257 623 3298 eum
648 3258 746 3298 manu
771 3247 803 3298 et
823 3258 891 3298 non
907 3233 1048 3298 viriliter
1067 3233 1252 3300 detinebas.

134 3337 205 3423 Ego
222 3357 317 3413 vern,
339 3334 541 3422 expanicis2⁰
563 3337 733 3412 manibus,
756 3348 869 3400 contra
891 3348 1007 3424 pectus
1035 3336 1124 3424 regis
1147 3360 1255 3401 meum

89 3462 118 3501 ao
134 3448 252 3524 pectus
267 3435 438 3514 abtabam,
455 3436 570 3500 dicens
591 3462 597 3499 :
625 3462 641 3498 a
667 3436 743 3502 Noli
769 3436 896 3501 eiecere
921 3437 1010 3500 hunc
1027 3436 1196 3500 hominem
1214 3438 1255 3503 de

133 3536 271 3601 basilica
296 3548 426 3614 saneta,
455 3562 496 3601 ne
517 3537 583 3616 vite
608 3536 793 3625 periculum
817 3537 969 3625 patiaris,
994 3561 1036 3602 ne
1061 3551 1093 3602 te
1122 3553 1255 3604 sauctus

134 3637 345 3725 antestintisffi.
371 3662 429 3702 sua
453 3639 574 3702 virtute
607 3637 773 3702 confiatll.
804 3640 880 3704 Noli
909 3647 964 3721 [te]
991 3641 1127 3728 proprio
1148 3641 1255 3706 iaculo
1267 3659 1322 3708 col.
1335 3661 1389 3707 348.

166 3843 187 3889 1.
201 3843 273 3888 corr.
285 3841 415 3904 religioni.
429 3868 459 3878 -
471 3843 493 3888 2.
505 3844 575 3890 Corr.
587 3843 762 3905 cognovisset.
771 3872 801 3879 -
809 3847 831 3891 3.
847 3846 918 3891 corr.
929 3860 1010 3892 serus.
1022 3874 1052 3898 -τ
1060 3849 1082 3894 4.
1096 3849 1166 3894 Corr.
1176 3847 1256 3894 madi-

134 3906 192 3950 dus.
206 3930 233 3938 -
245 3907 267 3950 5.
283 3904 352 3949 Corr.
365 3903 529 3952 advertisset.
547 3932 574 3940 -
585 3908 608 3951 6.
624 3910 694 3952 l'orr.
708 3907 891 3968 psalleremus.
905 3935 935 3941 -
948 3909 969 3954 7.
986 3911 1056 3955 Corr.
1075 3909 1209 3956 antistitis.
1225 3937 1257 3946 -

134 3970 156 4012 8.
170 3968 241 4013 Corr.
258 3965 384 4027 separari.
394 3993 424 4000 -
434 3969 457 4012 9.
468 3969 537 4012 (forr.
550 3966 773 4029 cepissetinsana.
783 3971 858 4016 -10.
874 3972 943 4015 Corr.
957 3971 1078 4017 mulcere.
1093 3999 1123 4005 -
1135 3972 1172 4018 11.
1184 3975 1254 4018 Corr.

135 4027 189 4074 sed.
203 4054 234 4062 -
245 4028 282 4073 12.
298 4026 359 4073 cod.
371 4028 443 4089 prbr.
456 4028 517 4076 add.
532 4045 565 4074 m.
577 4056 609 4064 -
621 4031 657 4075 13.
674 4033 744 4075 sorr.
756 4030 923 4077 vidissemus.
937 4033 1017 4078 -11,
1034 4036 1103 4080 Corr.
1120 4032 1255 4079 antistitis.

135 4117 164 4124 -
178 4090 215 4136 15.
228 4090 299 4135 Corr.
315 4089 404 4135 scrico.
421 4116 450 4126 -
461 4092 498 4136 16.
513 4093 583 4137 Corr.
603 4098 678 4146 esset,
694 4091 789 4138 subito.
803 4093 881 4153 217.
898 4095 968 4139 Corr.
981 4094 1080 4140 infelix.
1093 4121 1124 4130 -
1134 4096 1171 4141 18.
1184 4097 1255 4141 Corr.

135 4166 219 4198 sacra.
230 4176 262 4185 -
272 4152 310 4196 19.
326 4152 396 4197 corr.
409 4151 626 4214 adprehenderes.
640 4181 670 4188 -
681 4155 717 4200 20.
731 4156 800 4200 Corr.
814 4155 943 4217 expansis.
957 4182 988 4190 —
1001 4157 1038 4202 21.
1054 4159 1124 4203 Corr.
1137 4156 1255 4203 antestis.

135 4240 165 4250 ···
175 4215 213 4261 22.
227 4214 298 4259 corr.
313 4213 453 4260 confodiat.
