2954 5010
269 379 315 424 1³⁰
547 376 706 425 uufiuomr
726 376 936 425 rcuoxexsts
956 375 1107 425 EPlSCOPl

269 519 378 560 arcam
418 494 597 559 monilibus
631 497 905 584 ornamentisque
934 494 1096 582 preciosis
1130 493 1301 560 refertam.
1338 498 1383 560 De

128 624 252 671 Culusa,
269 597 492 686 quaeurnqui¹
540 597 728 661 diutissime
767 623 820 662 res
863 597 1262 689 det·ersas'²extra1[l1eus
1302 597 1384 662 filiae

268 699 412 764 adstanti
433 701 653 789 porregerit3,
670 700 715 763 ait
735 700 894 764 adeam:
916 727 932 760 u
951 702 1018 763 lam
1038 699 1128 763 enim
1149 701 1271 765 lassata
1296 726 1383 778 sum;

268 801 450 880 inmititot,
488 801 622 891 inquid,
660 826 792 865 manum
829 816 863 865 et
894 803 986 866 eiece
1020 802 1112 890 quod
1149 803 1330 868 inveneris.
1368 830 1382 865 a

268 907 418 992 Cumque
445 904 513 981 illa,
543 903 684 969 inmisso
711 904 861 981 brachio,
891 929 943 969 res
970 904 1012 968 de
1036 906 1137 969 archa
1162 906 1382 983 abstraheret,
1413 929 1421 966 a

268 1007 476 1095 adprehensa
513 1017 617 1071 mater
642 1005 814 1095 operturio
843 1008 957 1085 arche,
989 1031 1090 1095 super
1121 1009 1286 1073 cervicem
1318 1008 1384 1073 eins

268 1109 384 1173 inlisit.
405 1110 502 1190 Quod
525 1132 599 1172 cum
615 1107 844 1173 fortitudinem
860 1121 1045 1197 premeret,
1062 1110 1171 1198 adque
1188 1110 1302 1200 gulam
1320 1113 1384 1175 axis

268 1212 406 1278 inferior
424 1212 468 1276 ita
489 1211 686 1290 adterreret,
706 1223 742 1275 ut
757 1211 858 1276 etiam
881 1211 969 1276 oculi
990 1211 1032 1275 ad
1052 1213 1261 1301 crepandum
1283 1214 1384 1304 parati

268 1328 391 1394 essent,
424 1313 618 1379 exclamavit
645 1337 707 1376 una
733 1314 931 1401 puellarum,
947 1314 1009 1400 qui
1040 1328 1112 1379 erat
1137 1315 1354 1396 intrinsecus,
1372 1321 1385 1406 ll

268 1442 345 1482 voce
378 1440 496 1507 magna
527 1415 643 1479 diceus
679 1441 686 1478 :
725 1442 742 1475 «
777 1417 938 1495 Curritte,
967 1440 1086 1504 quesn,
1118 1419 1279 1498 curritte;
1311 1444 1383 1484 eece
1402 1442 1421 1479 u

268 1520 400 1585 domina
436 1544 506 1583 mea
534 1519 680 1606 graviter·
707 1542 723 1581 a
750 1519 941 1608 genetricae
972 1544 1031 1583 sua
1058 1520 1272 1610 suggillatur.
1301 1549 1318 1583 a
1346 1526 1383 1587 Et

269 1634 461 1711 rumpentes
482 1619 646 1697 cellolam,
666 1620 724 1708 qui
739 1644 851 1684 coram
868 1621 996 1684 foribus
1016 1646 1130 1685 eorum
1153 1625 1383 1711 prestulabau·

267 1739 322 1790 tur
341 1726 674 1802 adventum,e1·utam
691 1723 732 1785 ab
748 1723 944 1787 imminente
962 1724 1097 1788 interitu
1114 1725 1262 1813 puellam
1282 1726 1382 1792 addu-

268 1838 383 1891 xerant
407 1827 498 1890 loris.
526 1828 607 1890 Post
626 1826 688 1888 ista
709 1848 787 1889 vero
809 1826 896 1889 inter
919 1824 1053 1890 easdem
1074 1825 1264 1892 inimiciciae
1288 1830 1383 1895 velie·

269 1928 415 1993 meneius
429 1927 664 2017 pullulantes-⁵,
678 1939 710 1990 et
725 1928 848 1992 nonde
864 1926 926 1992 alia
942 1952 1039 1992 causa
1056 1929 1218 2009 maximae,
1232 1932 1298 1996 nisi
1311 1933 1383 2020 quia
1400 1953 1418 1990 u

269 2031 433 2122 lliguudis
456 2029 619 2094 adulteria
641 2030 900 2118 sequebanturss,
920 2055 1052 2120 semper
1073 2056 1148 2096 cum
1168 2032 1297 2098 eisdem
1319 2034 1382 2098 rixe

268 2148 300 2199 et
317 2134 443 2198 eaedaes
463 2144 567 2197 erant.

265 2350 269 2357 ι
313 2372 445 2436 XXXV.
477 2367 672 2432 Beretrudis
702 2391 779 2431 vero
808 2366 953 2431 moriens
976 2367 1078 2434 liliam
1107 2395 1200 2435 suam
1229 2373 1381 2438 heredem

269 2473 430 2550 instituit,
463 2470 655 2558 relinquens
689 2468 844 2558 quepiam
873 2472 923 2534 vel
948 2472 1158 2536 monasteriis
1183 2474 1378 2562 puellarum,

269 2601 333 2665 qim
357 2576 428 2664 ipsa
446 2573 649 2651 instituerat,
670 2571 722 2637 vel
745 2572 877 2636 eclesiis
899 2571 967 2637 sive
987 2574 1137 2640 basilicis
1159 2579 1380 2643 consessorum
1395 2599 1414 2636 u

269 2690 471 2742 sanctorum.
492 2676 558 2741 Sed
571 2674 714 2752 Waddo,
729 2675 781 2738 eui
795 2673 830 2739 in
852 2675 1023 2764 superiore
1043 2676 1130 2743 libro
1153 2680 1377 2771 meminimus,

269 2781 471 2870 querebatur·
499 2804 515 2843 a
541 2802 666 2869 genero
689 2778 760 2842 eius
788 2802 891 2866 equos
920 2780 1024 2844 suus⁷
1052 2780 1154 2862 fuisse
1184 2783 1376 2873 dereptus83

269 2884 487 2973 cogitansque
512 2880 670 2946 accedere
687 2880 728 2944 ad
755 2880 865 2944 villam
889 2879 960 2945 eius
986 2906 1098 2965 unam,
1117 2908 1217 2974 quam
1245 2887 1377 2976 relique·

271 2999 321 3052 rat
342 2985 417 3049 lilim
438 3010 515 3063 suan,
542 3008 606 3073 que
625 2983 709 3046 inlra
737 2985 914 3048 Pectavum
935 2983 1114 3050 terminum
1135 3000 1219 3068 erat,
1240 2987 1373 3053 diceus:

272 3116 289 3151 u
313 3088 374 3153 llio
403 3112 420 3152 a
445 3112 550 3178 regno
570 3084 706 3150 alterius
728 3085 884 3166 veniens,
908 3085 1048 3176 diripuit
1071 3112 1175 3177 equos
1204 3115 1295 3155 meus
1307 3091 1329 3170 9,
1349 3100 1374 3152 et
1386 3106 1404 3146 2⁵

271 3216 334 3282 ogo
351 3191 494 3256 aul'eram
512 3188 623 3253 villam
641 3188 724 3252 eius.
747 3214 763 3249 »
785 3190 917 3252 Interea
932 3189 1125 3254 mandatum
1145 3193 1249 3257 mittit
1262 3188 1369 3284 agenti,

134 3326 186 3375 Ful.
201 3328 254 3373 233,
273 3306 307 3359 ut
323 3318 357 3358 se
377 3291 574 3357 adveniente
592 3291 779 3378 omniaque
796 3303 890 3354 erant
907 3289 920 3381 ll
938 3290 978 3355 ad
996 3316 1176 3381 expensam
1191 3294 1262 3360 eius
1277 3316 1368 3359 neees-
1417 3296 1421 3365 ,ἓ

273 3397 357 3462 suria
373 3407 578 3484 prepararet.
597 3393 695 3476 Quod
715 3391 763 3457 illi
782 3391 933 3473 audiens,
946 3394 1135 3460 coniunctis
1156 3421 1269 3462 secum
1284 3393 1366 3462 omni-

272 3501 333 3563 bus
355 3522 394 3563 ex
418 3497 516 3561 domo
538 3495 607 3576 illa,
631 3520 665 3560 se
693 3496 734 3560 ad
760 3494 885 3559 bellum
907 3510 1076 3587 preparat,
1099 3497 1216 3564 dicens
1244 3526 1251 3564 :
1275 3491 1364 3563 «Nisi

271 3602 405 3680 moriar,
429 3625 495 3665 uon
520 3598 729 3691 ingredietur
751 3596 860 3665 Wado
873 3598 899 3642 ¹⁰
914 3599 948 3662 in
972 3597 1108 3665 domum
1137 3601 1251 3667 domni
1272 3599 1391 3666 metra

270 3703 419 3770 Audiens
454 3715 562 3767 autem
592 3725 675 3766 uxor
701 3699 890 3779 Waddone,
921 3700 962 3764 ad
989 3716 1203 3792 preparatum
1231 3694 1358 3769 scilicit¹¹

270 3806 350 3872 lmlli
367 3803 546 3871 instaurari
563 3801 797 3868 contravirum
818 3826 926 3883 suum,
942 3802 989 3868 ait
1005 3803 1137 3870 adeum
1155 3831 1162 3871 :
1182 3833 1199 3871 u
1213 3808 1259 3873 Ne
1274 3823 1356 3868 asces-

274 3970 1353 3996 W

304 4113 322 4158 l.
337 4114 407 4158 t'orr.
420 4124 591 4173 (pronumque.
603 4134 634 4144 -
647 4108 669 4154 2.
683 4109 753 4154 Corr.
766 4106 894 4154 diversas.
903 4130 934 4143 ···
946 4109 968 4155 3.
982 4110 1054 4155 Corr.
1066 4109 1221 4220 porrigeret.
1235 4130 1259 4145 -·
1268 4106 1290 4153 l.
1300 4102 1351 4149 Coss·

270 4174 403 4222 lumitlito.
422 4200 450 4208 -—
462 4176 485 4219 5.
498 4174 569 4219 (forr.
581 4170 749 4233 pullulantes.
763 4195 795 4206 ·—
804 4171 826 4216 6.
841 4172 913 4217 Corr.
925 4170 1093 4234 sequebatur.
1104 4197 1134 4207 -
1163 4207 1169 4219 .
1184 4173 1249 4220 Corr.
1264 4180 1320 4236 suos.
1330 4180 1351 4195 ‘

269 4240 292 4283 a.
307 4240 379 4283 t'orr.
395 4234 521 4299 ‹lii-optor.
535 4258 561 4269 -
573 4238 596 4281 9.
614 4235 685 4280 l'orr.
701 4248 782 4280 meos.
793 4254 823 4267 -
835 4232 873 4279 io.
887 4234 958 4282 Corr.
972 4233 1080 4282 Waddo.
1094 4260 1124 4270 -
1138 4234 1176 4283 ll⁴
1191 4236 1255 4282 Corr.
1269 4224 1348 4277 seilicet
