2954 5010
306 384 351 430 160
589 382 748 432 GREGORH
763 383 972 432 runoxssnsts
989 384 1139 432 eetscoet

306 511 442 586 tumque
470 499 662 564 Flavianum
689 500 923 580 domesticum,
955 513 1109 566 causatus
1134 525 1209 565 cum
1238 501 1336 577 sotio,
1362 523 1418 563 nee

305 601 448 665 noxialis
470 602 642 679 inventus,
668 602 860 690 pacificatus
884 628 959 667 cum
979 603 1118 678 eodem,
1147 603 1260 667 redire
1285 602 1327 666 ad
1345 626 1418 690 pro·

305 703 376 791 pria
402 703 511 767 iussus
538 716 601 782 est,
626 704 712 768 datis
737 717 847 768 tamen
877 705 1061 770 domestico
1082 705 1130 769 illi
1153 728 1291 769 munera
1317 704 1417 791 prius.

305 807 374 894 lpsi
389 831 521 894 quoque
537 806 695 894 Chuppa,
716 806 835 871 iterum
856 806 1032 872 commotis
1049 807 1251 896 quibusdam
1272 807 1316 871 de
1336 805 1418 883 suis,

305 907 405 972 filiam
425 907 607 998 Badigysili
631 909 798 996 quondam
819 911 1090 974 Caenomauensis
1109 908 1259 999 episcopi
1284 907 1422 996 diripire
1452 935 1463 972 a

305 1010 339 1072 in
368 1010 580 1075 matrimonio
611 1011 726 1075 voluit.
762 1014 903 1076 lnruens
932 1025 1041 1076 autem
1068 1024 1167 1076 nocte
1193 1035 1269 1076 cum
1294 1012 1420 1075 coneo¹

306 1113 472 1177 sociorum
484 1114 518 1177 in
530 1112 639 1176 villam
651 1113 867 1198 Maroialinsi,
880 1126 917 1178 ut
927 1113 1128 1178 voluntatem
1141 1137 1234 1178 suam
1245 1112 1388 1202 explicet
1397 1115 1421 1190 2,

305 1217 473 1302 presensit
500 1241 575 1279 euni
600 1215 780 1302 dolumque
808 1217 880 1280 eius
904 1216 1112 1306 blagatrudis
1148 1214 1422 1294 matrisfamilias,

304 1317 457 1406 genetrix
488 1317 616 1382 scilicet
651 1316 779 1404 puelle3
813 1341 1016 1406 egressaque
1044 1343 1119 1383 cum
1149 1317 1280 1382 lamulis
1309 1331 1425 1382 contra

305 1421 449 1499 eun1,vi
471 1418 648 1507 reppullit,
670 1418 764 1482 caesis
789 1419 957 1507 plerisque
978 1445 1018 1484 ex
1037 1420 1124 1499 ittis;
1147 1420 1237 1484 uude
1260 1444 1329 1484 nou
1352 1419 1425 1483 sine
1445 1448 1469 1486 ro

305 1522 432 1609 pudore
451 1521 636 1586 discessum
652 1535 714 1585 est.
734 1520 748 1609 ll

132 1752 187 1804 1²01.
197 1753 240 1800 311
254 1762 288 1800 ν’.
349 1733 405 1797 Vl.
428 1730 525 1818 Apud
544 1731 712 1795 Arvernus
731 1755 809 1794 vero
828 1730 930 1794 vincti
951 1731 1103 1795 oarcaeris
1127 1743 1237 1810 nocte,
1261 1744 1343 1795 nutu
1362 1731 1426 1795 Dei

306 1831 468 1919 disruptis
492 1832 633 1896 vinculis
656 1833 878 1921 reseratisque
900 1832 1045 1896 aditibus
1066 1832 1254 1910 custodiae,
1281 1835 1423 1922 egressi,

307 1932 461 1998 eclesiam
483 1936 627 2023 ingressi
649 1948 737 1999 suut.
763 1935 892 2017 Quibus
921 1958 995 1997 curn
1016 1933 1163 1998 Eulalius
1184 1958 1298 1999 comes
1322 1958 1425 1998 onera

164 2058 219 2108 Cot.
235 2060 289 2106 490.
306 2036 512 2099 catinarum3
529 2036 541 2125 ll
559 2035 759 2114 adiussissit,
782 2050 817 2100 ut
838 2061 938 2124 super
954 2061 1011 2099 eos
1032 2035 1152 2124 posita,
1172 2035 1341 2124 extemplo
1364 2060 1423 2100 ceu
1443 2067 1466 2105 15

306 2139 424 2202 vitrum
442 2139 557 2227 fragile
573 2138 775 2203 comminuta
792 2151 869 2202 sunt
883 2169 890 2217 ;
906 2152 938 2202 et
952 2138 1012 2217 sic,
1030 2140 1211 2202 obtenente
1227 2138 1326 2202 Avito
1342 2163 1422 2227 pon-

305 2242 414 2321 tificae,
432 2242 531 2320 eruti,
549 2242 703 2330 propriae
720 2253 797 2306 sunt
818 2239 940 2305 redditi
959 2240 1142 2329 liberltlati.

349 2453 421 2518 Vll.
446 2453 482 2515 ln
509 2449 698 2538 supradicta
719 2451 801 2513 urbe
825 2449 1062 2515 Childebertus
1086 2474 1143 2514 rex
1161 2474 1295 2514 omnem
1315 2450 1420 2515 tribu·

305 2566 374 2617 tuni
392 2567 457 2617 tam
478 2553 609 2617 eclesiis
626 2577 724 2640 quam
748 2552 958 2617 monasteriis
976 2552 1028 2616 vel
1045 2552 1182 2640 reliquis
1199 2551 1344 2631 clericis,
1366 2552 1419 2640 qui

305 2656 345 2718 ad
358 2654 532 2719 cclesiamt
543 2657 739 2743 pertenere⁵
751 2655 963 2735 videbantur,
974 2654 1241 2743 autquicumque
1255 2654 1420 2720 aeclesiae6
1436 2685 1458 2723 ρο

305 2755 449 2821 officium
474 2757 665 2836 excolebat,
696 2757 787 2846 larga
813 2757 936 2845 pietate
966 2756 1144 2821 concessit.
1169 2757 1314 2821 Multum
1335 2757 1417 2822 enim

304 2860 368 2923 iam
387 2859 571 2923 exactoris7
590 2859 688 2923 huius
704 2860 822 2923 tributi
843 2858 1000 2948 expoliati
1021 2861 1171 2937 aerant8,
1191 2883 1232 2924 eo
1252 2861 1344 2948 quod
1363 2883 1418 2948 per

304 2962 442 3052 longum
460 2975 592 3048 tempus
610 2974 643 3025 et
664 2961 900 3025 succedentum
920 2963 1184 3051 generationis9,
1201 2986 1240 3026 ac
1256 2962 1372 3027 divisis
1387 2961 1417 3025 in

305 3064 416 3129 multis
435 3066 586 3152 partibus
608 3063 689 3151 ipsis
705 3063 975 3151 possesionibus,
1001 3062 1115 3153 colligi
1135 3064 1188 3128 vix
1208 3076 1343 3152 poterat
1360 3065 1417 3128 hoc

304 3169 486 3246 tributum3
509 3166 610 3254 [quod
631 3166 698 3244 hic,
716 3168 787 3229 Deo
805 3165 1007 3254 inspirante,
1027 3165 1083 3248 ita]
1095 3165 1120 3210 ¹⁰
1139 3166 1286 3255 precipit
1311 3189 1416 3232 emen·
1430 3193 1449 3232 a

305 3269 402 3348 dare,
432 3283 485 3350 ut,
510 3269 600 3357 quod
624 3293 724 3356 super
749 3269 812 3333 hoc
835 3268 916 3333 fisco
944 3268 1110 3333 debuetur
1123 3269 1160 3347 ¹¹,
1184 3292 1247 3333 nec
1269 3282 1416 3335 exactore

304 3371 422 3435 damna
440 3383 668 3459 percuterent,
691 3394 753 3435 nec
776 3370 905 3436 aeclesie
918 3371 943 3416 ¹2
960 3369 1122 3435 cultorem
1140 3369 1283 3436 tarditas
1302 3371 1344 3436 de
1363 3370 1415 3434 ott-

303 3474 350 3537 tio
365 3475 388 3518 ¹³
407 3474 494 3560 aliqa
505 3472 530 3518 14
550 3486 729 3538 revocaret.

348 3685 435 3749 Vlll.
456 3682 493 3745 ln
514 3681 660 3745 confinio
682 3705 761 3745 vero
788 3680 922 3744 termini
943 3680 1096 3758 Arverni,
1118 3681 1311 3748 Gabalitani
1326 3697 1416 3772 atque

162 3803 217 3852 1²01.
233 3802 286 3850 312.
306 3785 440 3862 Ruteni,
464 3783 476 3872 ll
499 3784 637 3848 sinodus
657 3785 892 3871 episcoporum
912 3783 998 3848 facta
1017 3796 1067 3847 est
1083 3795 1198 3848 contra
1219 3788 1246 3850 T
1249 3787 1414 3862 cundiam,
1431 3809 1450 3849 a

334 3980 356 4026 1.
379 3982 451 4027 Corr.
471 3994 561 4025 cuneo.
579 4005 610 4012 -
625 3979 648 4023 2.
668 3979 737 4024 Corr.
757 3977 880 4039 expleret.
900 4005 932 4012 —
949 3980 972 4024 3.
992 3980 1062 4026 Corr.
1080 3982 1244 4026 catenarum.
1263 4007 1291 4016 -
1308 3983 1332 4028 4.
1352 3983 1415 4030 Corr.

303 4042 449 4089 ecclesiam.
462 4068 489 4076 -
504 4044 526 4086 5.
544 4043 614 4087 corr.
630 4040 770 4101 pertinere.
785 4066 815 4074 -
827 4041 849 4086 6.
869 4042 938 4087 Corr.
953 4039 1095 4088 aecclesiae.
1112 4066 1140 4075 —
1156 4041 1179 4089 7.
1194 4043 1266 4092 Corr.
1280 4054 1415 4091 exactores.

302 4131 333 4140 -
349 4106 371 4152 8.
391 4107 462 4151 Corn.
482 4109 565 4150 erant.
579 4128 609 4136 -
626 4104 649 4148 9,
671 4105 741 4149 Corr.
758 4102 949 4164 generationes.
964 4128 992 4137 —
1011 4102 1049 4149 10.
1069 4101 1138 4150 add.
1156 4101 1183 4150 in
1198 4106 1329 4170 margine,
1346 4120 1417 4153 manu

303 4183 406 4214 coaeva.
425 4192 453 4202 -
470 4166 508 4212 11.
531 4167 601 4212 Corr.
621 4163 738 4211 debetur.
757 4164 839 4210 -12,
857 4166 927 4211 corr.
950 4162 1075 4212 ecclesie.
1088 4189 1120 4201 -
1136 4165 1174 4214 13.
1194 4168 1267 4215 Corr.
1288 4167 1374 4216 offitio.
1390 4190 1418 4204 -

295 4229 341 4275 tt.
358 4228 407 4279 Sic.
420 4245 432 4274 e
447 4242 512 4275 corr.
