2954 5010
169 354 198 399 tt
444 352 600 402 GREGORll
620 354 829 404 Tuaoxssxsts
846 355 999 405 Ertscort

169 470 404 558 propinquare,
422 469 556 534 relictus
583 496 600 534 a
631 470 807 536 Desiderio
838 472 950 551 duci¹‚
973 475 1190 539 Garronnam
1217 497 1288 538 eum

171 572 348 659 Sagittario
369 571 544 660 episeopo,
570 574 751 639 blummolo
771 587 805 638 et
827 574 977 640 Bladasti
1003 574 1175 641 docibus²
1193 589 1288 665 atque

169 673 341 739 Waddone
361 676 541 753 transsirit,
568 676 739 741 Convenas
759 689 925 765 petentes.
951 680 1012 742 Est
1035 678 1126 742 enim
1151 679 1234 743 urbs
1256 679 1288 742 in

168 775 337 839 cacumine
366 778 515 840 montes³
549 776 609 840 sita
640 777 789 867 nullique
829 780 930 843 monti
968 778 1163 844 conticua⁴.
1203 784 1288 846 Fons

169 901 306 967 maguus
327 878 367 942 ad
385 878 529 943 radicem
548 882 699 944 montos5
719 905 910 969 erumpens,
929 880 1161 947 circumdatus
1178 885 1289 948 torrel
1316 908 1326 946 s

29 992 84 1041 Cat.
97 994 153 1043 teo.
168 979 349 1057 tutissima3
365 981 405 1045 ad
417 1006 513 1069 quem
540 980 552 1071 ll
581 1006 640 1069 per
657 981 848 1047 cuniculum
862 983 1122 1048 discendentis⁷
1138 1010 1182 1051 ex
1193 987 1286 1065 urbe,

167 1081 332 1147 latentur8
354 1082 467 1147 latices
490 1083 658 1148 hauriunt.
685 1088 774 1149 llanc
798 1084 885 1148 enim
908 1084 1083 1176 ingressus
1109 1088 1233 1152 urbem
1256 1088 1287 1153 in

168 1184 301 1250 inicium
314 1185 582 1275 quadraginsime
593 1187 617 1263 l,
632 1186 762 1251 locutus
777 1199 826 1251 est
838 1187 979 1269 civibus,
994 1188 1136 1253 dicens:
1154 1217 1172 1249 e
1186 1193 1288 1256 Nove-

167 1286 250 1366 ritis,
269 1313 319 1353 me
337 1312 410 1353 cum
427 1286 593 1365 omuibus,
611 1291 668 1377 qui
683 1289 717 1353 in
733 1314 838 1379 regno
852 1289 1090 1355 Childeberthi
1104 1292 1286 1374 habentur,

167 1390 306 1455 electum
321 1415 393 1455 esse
412 1415 522 1477 regem
538 1403 635 1478 atque
654 1393 778 1456 habere
791 1417 919 1456 mecum
933 1417 1000 1456 non
1015 1392 1192 1459 modicum
1208 1396 1289 1460 sola·
1305 1420 1324 1457 u

167 1494 266 1557 cium.
284 1495 349 1557 Sed
364 1494 519 1581 quoniam
532 1493 632 1556 irater
646 1518 737 1558 meus
753 1495 1027 1559 Guntchramnus
1038 1495 1063 1540 ¹⁰
1077 1520 1138 1561 rex
1154 1496 1268 1563 iumen
1277 1500 1289 1586 ll

168 1621 238 1661 sum
265 1595 420 1659 adversus
448 1619 498 1659 me
528 1595 628 1659 movit
658 1595 852 1675 exereitum,
877 1610 1011 1685 oportet
1041 1622 1100 1662 vos
1131 1599 1289 1665 alimenta

169 1698 275 1786 adqui:
307 1710 425 1761 cuncta
453 1696 692 1784 suploetilem¹¹
716 1698 800 1761 inlra
828 1723 997 1763 murorum
1025 1699 1289 1767 1nonici0nem¹2

169 1799 380 1877 concludere,
404 1812 439 1863 ut
457 1798 596 1878 seilicet,
615 1800 692 1863 dum
710 1799 808 1863 uobis
829 1799 885 1863 illa
903 1801 1010 1888 pietas
1026 1800 1141 1867 divina
1164 1804 1258 1895 augit
1267 1805 1289 1849 ¹³

168 1903 339 1981 solacium,
363 1926 427 1965 uon
448 1903 592 1990 pereatis
611 1902 733 1990 inopia.
756 1927 772 1963 u
796 1905 863 1982 llec
877 1902 944 1966 illis
958 1903 1194 1985 credentibus,
1214 1929 1322 1995 que-u

169 2030 310 2094 cumque
327 2005 450 2069 habere
471 2018 652 2092 potuerunt
670 2005 873 2069 collocantes
895 2005 929 2069 in
947 2008 1043 2087 urbe,
1060 2011 1289 2098 preparabant

169 2109 262 2173 seed
282 2107 512 2173 resistendum.
537 2110 583 2171 Eo
604 2121 756 2196 tempore
778 2109 1051 2174 Guntchramnus
1067 2133 1127 2175 rex
1144 2110 1289 2176 missit¹1

169 2212 296 2276 litteras
311 2212 351 2276 ad
372 2210 606 2276 (landoaldum
628 2235 667 2275 ex
688 2210 823 2275 nomine
844 2209 1081 2276 Brunechildis
1103 2213 1237 2304 regine,
1256 2215 1287 2279 in

168 2314 289 2404 quibus
310 2327 379 2378 erat
401 2312 573 2400 seriptum,
595 2325 641 2390 ut,
662 2312 778 2377 relicto
800 2312 948 2376 exercitu
968 2313 1002 2376 in
1025 2313 1098 2377 loca
1117 2339 1178 2379 sua
1197 2317 1287 2381 abire

168 2419 304 2495 iussum,
317 2416 388 2505 ipse
402 2414 566 2480 remocior
579 2427 657 2503 aput
667 2416 691 2459 ¹5
704 2415 987 2504 burdegalensem
1005 2417 1122 2480 urbem
1137 2419 1287 2506 hyberna
1301 2436 1320 2475 n

169 2520 361 2584 deduceret.
384 2518 571 2605 Scripserat
586 2519 674 2581 enim
697 2518 759 2597 hee
781 2517 897 2597 dolose
907 2517 943 2595 ¹⁶,
962 2529 999 2581 ut
1013 2517 1055 2582 de
1079 2542 1118 2582 eo
1139 2519 1285 2609 plenius,

169 2621 250 2712 quid
269 2621 420 2712 ageritll.
437 2619 542 2709 Igitur
557 2631 784 2684 cummorante
802 2644 840 2684 eo
858 2619 946 2707 apud
960 2620 1076 2683 urbem
1099 2623 1285 2698 Convenae,

169 2727 297 2790 locutus
319 2736 370 2788 cst
385 2721 516 2787 incollis
530 2723 565 2802 ¹⁸,
586 2722 726 2787 dicens:
751 2748 767 2783 u
790 2725 876 2786 Eece
895 2722 959 2785 iam
980 2722 1148 2788 exereitus
1167 2726 1287 2814 adpro·

169 2827 320 2917 pinquat,
337 2824 556 2915 egrediemini
569 2825 593 2868 ¹⁹
612 2824 652 2888 ad
669 2823 905 2888 resistendum.
929 2851 945 2886 a
967 2823 1096 2905 Quibus
1110 2826 1287 2916 egredien-

169 2931 275 3009 tibus,
298 2928 345 2993 hii
366 2940 567 3016 occupantes
586 2939 698 3015 portas
715 2926 823 3014 adque
840 2926 1131 3009 cl[a]uden[tes]²⁰‚
1154 2929 1286 2994 excluso
1301 2945 1318 2984 2⁵

171 3033 249 3098 loris
270 3031 393 3122 populo
413 3055 486 3095 cum
507 3029 666 3117 episeopo
683 3028 748 3093 loei
767 3042 885 3093 cuncta
904 3028 1017 3116 quein
1035 3029 1117 3094 urbe
1137 3029 1286 3096 invenire

170 3148 350 3227 potuerunt
363 3135 430 3199 suis
442 3133 650 3198 diecionibus
665 3131 943 3196 subdede1·unt‘²¹.
959 3135 1131 3219 Tantaque
1144 3132 1192 3197 ibi
1211 3134 1285 3200 mul·

169 3239 277 3304 titudo
293 3262 423 3318 annone
437 3251 535 3324 atque
546 3235 612 3300 vini
625 3248 754 3323 reperta
770 3247 831 3312 est,
847 3247 895 3313 ut,
910 3233 936 3298 si
952 3232 1284 3315 viriliterstetisseut‚

169 3368 230 3432 per
249 3343 425 3406 multorum
442 3364 605 3403 annorum
623 3338 734 3427 spacia
752 3336 858 3400 victus
876 3335 1031 3401 alimenta
1050 3361 1117 3401 non
1134 3351 1284 3429 egerent.

214 3517 345 3581 XXXV.
366 3514 552 3578 Audierant
568 3510 655 3576 euim
670 3536 708 3574 eo
724 3523 874 3597 tempore
888 3509 990 3573 duees
1007 3511 1286 3575 Guntchramui22
1302 3531 1320 3569 a

201 3686 223 3732 1.
244 3687 314 3732 Corr.
331 3683 403 3730 duce.
423 3708 450 3718 —
462 3684 484 3730 2.
499 3685 569 3728 Corr.
587 3680 712 3726 Blodnsto
726 3678 846 3726 ducibus.
864 3706 891 3714 -
903 3680 923 3725 3.
939 3681 1009 3726 Corr.
1023 3677 1126 3726 montis.
1140 3705 1169 3714 ·-
1180 3681 1205 3727 1.
1218 3683 1286 3730 Corr.

170 3748 301 3809 contigua.
316 3772 343 3781 —-
362 3750 384 3792 5.
405 3747 476 3792 Corr.
494 3743 599 3789 montis.
614 3769 641 3777 -
654 3746 678 3788 6.
696 3746 766 3789 (forr.
783 3748 863 3789 turre.
879 3769 906 3776 —
923 3743 945 3789 7.
965 3744 1035 3789 Corr.
1054 3740 1247 3790 discendentes.
1261 3769 1286 3780 ·-

170 3814 194 3858 8.
214 3812 284 3857 Corr.
302 3809 421 3856 latenter.
439 3834 466 3842 —
482 3808 505 3853 9.
525 3808 596 3852 Corr.
613 3804 822 3867 quadragesime.
842 3831 869 3839 -
887 3805 925 3850 10.
943 3805 1014 3850 Cerr.
1033 3803 1242 3853 Gunthrnmnus.
1260 3832 1286 3842 -

170 3875 209 3920 11.
225 3874 295 3919 Corr.
310 3877 429 3918 cunctam
445 3867 643 3931 supellectilem.
656 3868 732 3913 -11,
748 3869 818 3913 Corr.
835 3866 1013 3913 munitionem.
1026 3893 1054 3901 -
1065 3867 1103 3912 13.
1116 3869 1188 3914 Corr.
1200 3873 1286 3931 auget.

172 3962 199 3971 -
221 3936 259 3981 11.
279 3937 350 3982 Corr.
372 3932 451 3979 misit.
469 3958 496 3966 —
514 3932 552 3977 15.
573 3933 643 3976 Corr.
665 3929 788 3975 remotior
808 3930 886 3991 opud.
904 3930 987 3975 -16,
1016 3927 1078 3976 Cocl.
1095 3929 1182 3990 pergit
1200 3929 1229 3976 in
1247 3929 1287 3977 his

170 3997 235 4046 locis
249 3997 316 4060 (cap.
332 3995 370 4058 36)
383 3994 446 4056 solio
459 4010 517 4047 ane,
533 3997 559 4038 ut
572 4008 658 4054 supra,
675 3991 700 4038 in
716 3991 852 4054 archetypo
867 3990 1029 4053 interposito5
1039 3995 1166 4037 corrector
1178 3990 1205 4038 in
1217 4008 1286 4038 mor·

167 4061 228 4126 gine
242 4058 348 4107 notavit.
366 4056 532 4120 R[e]q[uire},
551 4054 646 4101 salsum
662 4054 693 4100 de
706 4053 783 4102 enim.
801 4071 824 4100 a.
839 4054 864 4101 b.
884 4053 953 4100 Folio
969 4055 1013 4099 209
1030 4053 1116 4100 insunt
1128 4069 1229 4100 rursum
1244 4053 1286 4101 tit-

171 4131 240 4173 terae
253 4141 276 4170 o.
290 4141 311 4170 e.
329 4148 357 4157 -
371 4122 408 4168 17.
424 4123 495 4168 Corr.
514 4123 612 4180 ageret,
627 4122 804 4178 cognosceret.
821 4142 848 4152 —
865 4117 903 4165 18,
917 4118 986 4163 Corr.
1000 4115 1102 4162 incolis.
1117 4141 1145 4150 ·-
1162 4115 1199 4163 19.
1217 4118 1284 4163 Corr.

171 4185 335 4250 egredimini.
354 4209 382 4219 -
400 4185 439 4230 20.
458 4184 529 4229 Corr.
547 4178 707 4226 claudentes.
723 4204 750 4214 -
769 4180 806 4226 21.
826 4181 897 4226 Corr.
915 4177 1096 4226 subdiderunt.
1115 4203 1143 4213 -·
1159 4178 1198 4226 22.
1216 4179 1284 4226 Corr.

171 4248 355 4299 Gunthromni.
