2954 5010
384 398 549 446 HISTORIAE
568 398 768 446 FRANCORUM
786 399 882 446 LIBER
901 398 930 445 X.
1178 396 1224 443 199

108 527 206 574 autem
221 527 293 593 post
308 535 375 573 eum
391 515 509 585 abienS,
524 517 605 593 apud
620 517 727 573 urbem
737 515 964 572 Vercellensem
981 514 1067 572 obiit.
1078 513 1224 572 Turonici

108 609 217 666 iterum
233 608 447 687 malignantes,
466 607 658 666 Armentium
675 620 855 666 statuerunt.
878 607 999 666 Bricius
1014 627 1088 666 vero
1107 619 1224 685 septem

108 704 188 780 apud
207 721 316 779 papam
332 700 427 760 Urbis
443 702 532 759 annis
548 702 676 780 degens
694 701 823 759 idoneus
840 702 981 759 inventus
997 721 1013 758 a
1032 701 1169 769 crimine,
1187 703 1223 758 ad

107 795 213 852 urbem
231 813 315 851 suam
330 793 433 851 redire
447 794 550 852 iussus
567 806 623 851 est.
640 793 697 851 Hic
710 793 881 851 aedificavit
895 793 1052 853 basilicam
1068 793 1224 872 parvulam

108 907 202 965 super
217 907 331 964 eorpus
349 887 430 944 beati
446 886 582 956 Martini,
603 887 634 944 in
650 908 709 965 qua
724 899 754 944 et
769 888 836 964 ipse
853 887 991 965 sepultus
1008 899 1065 945 est.
1086 886 1224 965 Cumque

110 992 226 1058 portam
243 980 470 1059 ingrederetur,
487 979 665 1037 Armentius
684 1000 740 1058 per
756 979 844 1037 aliam
859 991 978 1058 portam
997 992 1134 1038 mortuus
1150 979 1224 1037 effe-

108 1075 250 1143 rebatur;
280 1093 341 1151 quo
371 1073 503 1150 sepulto,
534 1072 708 1130 cathedram
736 1093 820 1131 suam
849 1073 976 1151 recepit.
1005 1072 1095 1130 llunc
1124 1074 1245 1131 ferunt

109 1165 281 1224 instituisse
300 1166 446 1225 ecelesias
466 1186 520 1244 per
539 1166 636 1235 vicos,
660 1167 689 1222 id
709 1179 757 1224 est
774 1166 954 1235 Calatonno,
977 1166 1097 1235 Bricca,
1117 1166 1224 1223 Rodo-
1308 1156 1312 1161 ¹

109 1279 214 1338 mago,
234 1258 424 1328 Briotreide,
445 1259 581 1316 Cainone
592 1284 599 1330 ;
619 1260 801 1338 fueruntque
819 1279 925 1316 omnes
944 1259 1139 1337 episcopatus
1158 1259 1223 1317 eius

85 1380 88 1404 t
108 1351 178 1409 anni
197 1351 401 1431 quadraginta
418 1364 547 1429 septem.
566 1352 722 1430 Obiitque,
741 1364 770 1410 et
787 1352 926 1430 sepultus
945 1365 991 1409 est
1008 1352 1037 1409 in
1054 1351 1222 1421 basilicam,

108 1465 195 1522 quam
216 1465 311 1522 super
328 1458 465 1503 sanctum
484 1445 649 1502 Martinum
668 1445 847 1502 aedificavit.

147 1537 281 1611 Quintus
314 1538 500 1596 Eustochius
532 1538 693 1596 ordinatur
726 1538 928 1616 [episcopus]‚
960 1538 1008 1597 vir
1040 1551 1163 1596 sanctus
1195 1552 1225 1596 et

108 1630 217 1689 timens
251 1631 360 1699 Deum,
392 1651 429 1689 ex
459 1650 573 1710 genere
604 1632 769 1689 senatorio.
805 1632 894 1688 Hunc
923 1631 1024 1689 lerunt
1052 1631 1224 1689 instituisse

108 1724 254 1782 eeclesias
275 1744 331 1802 per
350 1724 437 1782 vicos
459 1723 574 1792 Brixis,
600 1724 753 1794 Iciodoro,
778 1725 888 1794 Lucas,
911 1724 1020 1782 Dolus,
1044 1723 1225 1782 Aedifieavit

85 1837 89 1871 s
108 1816 196 1874 etiam
214 1816 374 1874 ecclesiam
391 1816 469 1874 infra
486 1836 589 1874 muros
606 1817 749 1887 civitatis,
766 1817 869 1895 inqua
886 1817 1033 1895 reliquias
1049 1830 1223 1884 sanctorum

109 1909 237 1968 Gervasi
256 1923 285 1968 et
304 1910 425 1969 Protasi
446 1911 591 1988 martyris
612 1910 760 1980 condidit,
781 1931 857 1989 quae
876 1931 893 1968 a
910 1924 1015 1968 saneto
1036 1911 1169 1969 Martino
1187 1913 1224 1969 de

109 2002 193 2061 ltalia
206 2015 278 2060 sunt
291 2004 418 2074 delatae,
432 2004 511 2062 sicut
523 2015 646 2061 sanctus
661 2003 807 2062 Paulinus
822 2004 852 2061 in
866 2004 995 2081 epistola
1009 2024 1063 2062 sua
1076 2004 1222 2061 meminit.

110 2095 195 2154 Sedit
221 2109 321 2154 autem
347 2117 444 2154 annos
473 2096 701 2174 septemdecim.
732 2096 771 2154 Et
796 2096 935 2173 sepultus
960 2108 1007 2153 est
1031 2096 1062 2153 in
1085 2096 1223 2166 basilica,

109 2208 198 2266 quam
216 2188 340 2247 Bricius
357 2189 522 2267 episcopus
539 2208 632 2266 super
651 2200 787 2246 sanctum
806 2187 970 2245 Martinam
990 2201 1154 2246 struxerat.
1172 2187 1185 2258 ll

85 2303 89 2336 ι
147 2281 259 2339 Sextus
275 2282 435 2340 ordinatur
449 2282 634 2360 Perpetuus
652 2282 689 2337 de
705 2301 818 2359 genere
833 2293 862 2338 et
877 2281 955 2358 ipse,
974 2293 1006 2339 ut
1020 2281 1115 2350 aiunt,
1133 2302 1293 2350 sena-001,
1311 2302 1365 2348 530.

108 2374 186 2432 torio
209 2386 239 2431 et
261 2375 455 2453 propinquus
477 2373 653 2431 decessoris
678 2374 737 2444 sui,
764 2373 851 2433 dives
872 2373 960 2432 valde
986 2386 1014 2432 et
1036 2395 1093 2453 per
1115 2375 1223 2433 multas

107 2468 245 2526 civitates
259 2467 376 2526 habens
392 2467 620 2545 possessiones.
637 2465 707 2537 Hic,
725 2469 864 2525 submota
880 2467 1017 2536 basilica,
1033 2487 1121 2545 quam
1137 2469 1223 2546 prius

108 2559 229 2619 Bricius
245 2561 412 2639 episcopus
430 2561 643 2618 aedificaverat
661 2580 756 2638 super
774 2572 911 2617 sanctum
928 2561 1104 2631 Martinam,
1122 2562 1223 2619 aedifi·

107 2654 183 2713 cavit
195 2654 285 2711 aliam
299 2654 477 2733 ampliorem
492 2653 569 2710 miro
586 2673 691 2731 opere,
706 2654 737 2710 in
753 2654 839 2712 cuius
854 2655 961 2711 absida
973 2656 1093 2712 beatum
1109 2675 1222 2734 corpus

85 2747 203 2824 ‚ipsius
228 2747 415 2806 venerabilis
443 2746 541 2805 sancti
570 2746 733 2804 transtulit.
764 2747 822 2804 Hic
846 2747 980 2805 instituit
1004 2747 1118 2806 ieiunia
1140 2749 1222 2828 vigi-

106 2840 233 2918 liasque,
249 2840 381 2918 qualiter
395 2860 450 2918 per
463 2841 610 2898 circulum
625 2841 696 2897 anni
709 2842 959 2911 observarentur,
973 2843 1054 2919 quod
1069 2841 1221 2920 hodieque

106 2935 185 3011 apud
201 2954 259 2992 nos
275 2947 396 2992 tenetur
411 2934 571 3013 seriptum,
589 2954 719 3012 quorum
737 2936 813 2992 ordo
831 2934 881 2992 hic
897 2947 954 2993 est.

540 3139 590 3191 De
616 3136 779 3191 ieiuniis

145 3312 212 3364 Post
224 3309 502 3385 quinquagesimam
519 3321 639 3383 quarta,
656 3321 741 3362 senta
754 3309 833 3382 seria
850 3327 942 3383 usqae
955 3308 997 3362 ad
1008 3311 1110 3363 natale
1123 3313 1221 3366 sancti

85 3435 88 3466 ,
107 3402 255 3457 lobannis.

145 3499 186 3552 De
204 3495 342 3550 kalendis
358 3493 531 3569 septembris
553 3514 644 3570 nsque
666 3494 812 3549 kalendas
837 3493 961 3549 octobris
984 3493 1053 3550 bina
1076 3497 1104 3551 in
1126 3496 1218 3571 septi-

105 3606 192 3642 mana
208 3587 331 3642 ieiunia.

141 3684 185 3736 De
204 3679 343 3734 kalendis
358 3678 485 3734 octobris
498 3700 590 3755 usqae
608 3681 819 3755 depositionem
835 3680 935 3735 domni
953 3682 1080 3735 Martini
1099 3679 1168 3735 bina
1188 3684 1217 3736 in

104 3776 267 3848 septimana
288 3775 410 3829 ieiunia.

85 3911 87 3929 ,
141 3870 185 3922 De
209 3866 392 3941 depositione
415 3866 516 3921 domni
538 3869 664 3922 Martini
688 3887 779 3942 usque
806 3871 908 3922 natale
934 3869 1054 3922 Domini
1079 3882 1162 3922 terna
1188 3871 1216 3923 in

104 3962 267 4034 septimana
283 3960 406 4015 ieiunia.

142 4057 185 4109 De
204 4056 307 4109 natale
326 4053 425 4107 sancti
443 4053 557 4108 Hilarii
577 4074 667 4130 usqne
688 4055 784 4110 medio
805 4053 966 4109 Februario
987 4053 1055 4110 bina
1076 4057 1104 4109 in
1124 4057 1216 4130 septi-

105 4163 190 4202 mana
208 4147 332 4201 ieiunia.
