2954 5010
228 392 271 433 :u
506 382 666 429 «suumn
684 379 895 428 11‘uuxtxsts
911 377 1066 427 tetscoet

229 504 316 566 ‚ixx
346 524 474 571 reg-iim.
486 498 619 585 quidam
632 499 812 584 episeopus
821 494 864 559 de
876 493 1114 558 transmarinis
1124 494 1270 582 partibus
1278 495 1329 577 qd]

230 604 426 668 toronicam
448 603 565 663 urbem
584 599 719 663 advenit
739 599 875 662 nomine
896 598 1038 684 Symon.
1060 597 1122 660 ttic
1141 596 1236 660 nobis
1255 621 1330 661 evei·

229 708 356 769 sionem
375 704 549 766 .tntiohtie
569 702 662 765 urbis
682 700 882 771 enuntiarit.
904 698 1068 762 adserens
1088 722 1125 763 se
1143 699 1185 763 de
1204 699 1333 763 Arminii

230 810 262 870 in
282 806 434 869 Persiia'
452 806 654 893 captiiatum
674 802 789 867 t'uisse.
809 803 881 867 Rex
898 800 990 864 euim
1005 802 1199 879 Persarum,
1216 802 1333 891 inrupto

229 916 455 972 ‚trminiorum
469 908 626 973 termino.
644 905 766 993 predas
778 903 850 989 egit
863 902 1075 992 eclesiasque
1087 904 1168 993 igne
1180 905 1335 968 succendit
1356 928 1364 967 ε

230 1028 262 1073 et
281 1012 369 1072 hunc
393 1008 601 1072 sacerdotem
619 1032 695 1071 eum
712 1006 841 1096 populo
859 1031 934 1081 suo,
951 1018 990 1070 ut
1007 1006 1169 1085 diximus,
1189 1008 1335 1096 eaptimm

231 1112 381 1175 abduxit.
411 1114 505 1175 Tunc
533 1112 632 1173 etiam
665 1123 699 1173 et
729 1109 866 1173 basilica
899 1111 1102 1174 Sanctorum
1134 1109 1336 1199 quadraginta

231 1232 308 1277 octo
336 1216 530 1299 Martyrum.
555 1212 598 1275 de
622 1213 746 1300 quibus
765 1212 801 1275 in
827 1210 916 1275 libro
937 1211 1181 1276 Miraculorum
1205 1212 1336 1290 memini,

232 1340 288 1404 qui
312 1317 345 1378 in
370 1316 424 1379 illa
445 1317 583 1405 regione
602 1314 692 1402 passi
712 1328 802 1391 sunt,
823 1313 958 1402 obpleta
979 1313 1067 1403 ligni
1086 1316 1257 1404 congerie,
1276 1314 1337 1402 pice

232 1419 491 1505 tergoribusque
524 1416 676 1480 sueliinis
713 1416 883 1494 inmixtis,
918 1415 1107 1504 subpositis
1145 1416 1368 1502 ardensttibusu

233 1524 374 1587 t'eeibus.
410 1522 615 1585 succendere
643 1522 708 1585 nisi
741 1535 839 1587 sunt:
875 1520 936 1585 sed
965 1545 1181 1611 nequaquam
1210 1523 1250 1585 ab
1274 1521 1337 1610 igue

231 1640 426 1713 apparatum
443 1624 589 1687 incendii
610 1623 900 1711 conprehendijtJ:
920 1625 1038 1712 sicque
1053 1624 1202 1689 videntis
1220 1648 1336 1715 magua·

232 1727 274 1790 lia
296 1728 369 1791 Dei.
393 1738 603 1790 recesserunt
620 1728 663 1789 ab
681 1751 732 1789 ea.
753 1725 874 1790 ‚tudiu
890 1739 1001 1790 autem
1016 1725 1158 1816 quidam
1177 1728 1336 1816 episcopus

232 1844 327 1891 istius
352 1830 522 1892 memorati
546 1830 762 1893 sacerdotes2
785 1828 1038 1905 abductionem,
1067 1829 1193 1893 direxit
1211 1831 1335 1918 pretium

232 1956 291 2017 per
306 1931 458 1994 homines
477 1957 554 1995 suos
569 1931 611 1995 ad
623 1955 735 2018 regem
747 1934 936 1996 Persarum.
957 1932 1057 2012 Quod
1073 1931 1132 1996 itte
1149 1945 1333 2020 susceptum,
1348 1947 1363 1985 ¹⁵

233 2033 388 2095 retunt-ti
412 2057 429 2094 a
455 2034 624 2098 servitutis
648 2032 841 2097 rineolum³
866 2034 1065 2122 episcopum
1094 2034 1209 2098 istum.
1233 2037 1279 2098 Ex
1297 2031 1335 2096 „i

231 2159 312 2223 ergo
328 2136 522 2223 regionibus
540 2135 755 2209 discendens,
771 2134 898 2199 Gallias
908 2147 961 2198 est
973 2135 1172 2225 adgressus,
1185 2133 1333 2224 utaliquid

232 2237 503 2300 consolationisi
523 2238 651 2302 devotis
671 2239 888 2324 acceperet⁵;
911 2236 1015 2325 quisti}
1037 2239 1156 2316 uobis,
1180 2252 1216 2303 ut
1233 2234 1331 2326 prefati

95 2357 149 2405 rut.
161 2360 214 2405 sit.
232 2364 345 2402 sumus
362 2340 528 2428 superius.
547 2342 609 2404 hec
628 2339 753 2403 retulit.
774 2341 881 2403 Homo
897 2351 968 2403 erat
984 2338 1019 2403 in
1035 2337 1331 2430 Aniihoti⁶t1vald³

231 2443 369 2505 devotus
395 2443 428 2505 in
456 2442 658 2518 elimosinis,
692 2440 870 2529 coniugem
903 2465 943 2505 ac
971 2440 1098 2506 liberos
1131 2442 1270 2520 habens,
1300 2455 1360 2504 uett

231 2568 386 2630 umquam
408 2545 437 2607 ei
458 2544 492 2607 in
513 2544 604 2607 omni
623 2545 688 2607 vita
709 2568 766 2606 sua
782 2542 855 2605 dies
875 2542 1044 2630 preteriit,
1061 2556 1237 2633 postquam
1252 2541 1329 2631 quid·

230 2645 306 2707 dam
332 2647 503 2733 [imprium
525 2646 649 2709 habere
669 2644 794 2733 coepit,
821 2643 912 2733 quod
933 2645 1007 2709 sine
1028 2670 1178 2734 paupere
1200 2645 1328 2734 sepulum

231 2748 443 2834 prelibasset.
471 2748 531 2811 ttic
558 2772 622 2811 una
647 2747 714 2823 die,
738 2771 813 2811 cum
834 2746 1026 2811 circuissit⁸
1048 2749 1166 2812 urbem
1188 2773 1283 2836 usque
1298 2743 1327 2809 ad

230 2873 405 2935 vesperum
435 2863 469 2913 et
497 2850 669 2938 repperire
694 2873 760 2913 non
794 2850 961 2937 potuisset
992 2874 1151 2939 egenum,
1183 2875 1252 2915 cum
1278 2870 1326 2936 quo

231 2952 351 3037 cybum
382 2976 502 3041 capere
533 2951 652 3040 possit.
683 2976 839 3042 egressus
872 2951 953 3015 soris
993 2965 1145 3041 portam,
1180 2977 1249 3017 cum
1277 2964 1356 3014 noxe

232 3053 395 3120 iiiui·ret⁹.
418 3068 572 3142 repperet
585 3055 610 3098 ¹⁰
623 3055 730 3117 sirum
750 3054 783 3118 in
808 3066 900 3118 veste
920 3054 995 3119 alba
1015 3079 1092 3119 cum
1114 3055 1242 3120 dubus¹¹
1268 3050 1324 3116 aliis

231 3168 388 3223 stantem.
406 3180 505 3244 quam
523 3156 702 3244 aspiciens.
717 3156 812 3243 quasi
829 3157 914 3220 Loth
927 3156 986 3221 itte
999 3157 1137 3247 antiqua
1153 3166 1323 3221 memoratus

230 3257 404 3321 historiam
417 3259 441 3301 ¹²
460 3271 588 3322 terrore
606 3257 765 3333 suffusus,
786 3257 834 3322 eit
854 3283 863 3322 :
887 3284 905 3320 r
931 3260 974 3322 Et
992 3259 1135 3324 forsitan
1155 3256 1322 3349 peregrinus

230 3373 280 3421 est
295 3360 452 3424 dominus
469 3386 579 3429 nicus:
596 3361 747 3449 dignitur
757 3361 782 3405 ¹³
799 3360 961 3426 accedere
975 3361 1017 3426 ad
1033 3362 1169 3427 domum
1184 3361 1260 3426 servi
1273 3355 1320 3432 sui,

231 3472 264 3524 et
279 3476 413 3549 sumptu
426 3463 546 3526 nebulo
556 3464 592 3535 ¹²,
610 3465 774 3552 quiescite
791 3463 825 3527 in
841 3476 965 3543 strato;
982 3489 1101 3529 manoe
1111 3466 1135 3510 t5
1152 3478 1252 3529 autem
1264 3481 1321 3549 pro·
1335 3475 1352 3513 ³⁰

232 3563 419 3627 tieisciniiui
448 3566 545 3631 vium.
577 3590 676 3654 quam
706 3565 891 3630 volueritis.
926 3593 943 3627 »
975 3566 1038 3631 Cui
1061 3566 1160 3644 illiffi,
1193 3563 1321 3654 quierat

232 3667 355 3741 senior,
368 3680 486 3730 tenens
500 3666 670 3732 sudarium
688 3666 780 3749 i1nj¹⁷
795 3692 893 3732 manu
910 3693 981 3747 sua,
997 3669 1064 3732 ait:
1085 3695 1102 3730 «
1119 3671 1191 3734 Nou
1201 3677 1319 3756 poteras,

265 3986 285 4031 t.
306 3987 376 4032 sorr.
392 3983 509 4031 Persida.
523 4011 554 4019 —
570 3985 592 4031 Ξ.
611 3987 682 4030 t'orr.
698 3984 844 4032 sacerdotis
855 4012 888 4022 -
899 3987 922 4032 3.
940 3986 1013 4034 Corr.
1032 3984 1175 4034 vinculum.
1192 4010 1221 4020 -
1232 3983 1252 4028 li.
1266 3981 1319 4026 Corr-

232 4047 282 4093 his.
308 4074 337 4081 -
359 4052 381 4094 5.
405 4050 475 4093 forr.
496 4046 636 4109 occiperet.
653 4074 684 4082 -
705 4052 729 4093 6.
751 4050 823 4096 Corr.
845 4045 1006 4097 inthihotia.
1023 4074 1055 4084 -
1076 4049 1100 4094 7.
1123 4049 1192 4095 Corr.
1215 4042 1283 4091 valde.
1297 4061 1320 4072 -

234 4118 255 4153 S.
275 4111 345 4155 t'mr.
361 4109 506 4156 cireuisset.
523 4136 552 4143 -
566 4114 589 4155 9.
608 4112 680 4155 sorr.
699 4109 824 4157 inrueret.
839 4137 870 4146 -
887 4110 925 4156 10.
944 4111 1016 4157 corr.
1032 4108 1157 4172 repperit.
1174 4136 1201 4144 -
1218 4107 1250 4154 11.
1265 4104 1318 4150 Corr·

233 4172 344 4217 duobus.
355 4199 381 4207 -
398 4174 431 4218 12.
445 4174 506 4218 Gen.
527 4173 561 4217 1²³.
575 4198 603 4206 -
617 4173 653 4217 13.
669 4174 740 4218 sorr.
753 4170 879 4234 digniter.
893 4172 970 4219 -1t.
986 4173 1057 4220 (ἴση.
1071 4169 1253 4234 scopulo-15.
1265 4166 1318 4212 corr.

234 4250 317 4280 mune.
331 4261 362 4270 -
372 4237 408 4281 16.
424 4236 495 4282 t'orr.
509 4234 562 4281 ille.
575 4259 606 4272 -
620 4234 656 4281 17.
671 4236 742 4281 Corr.
756 4233 792 4281 in.
