2954 5010
283 363 313 410 80
563 360 721 412 GREGORll
739 358 948 411 ‘ranonnxsls
967 356 1120 411 nrlscorl

285 478 436 543 hominos
458 480 576 543 insano
602 481 713 544 furore
736 480 942 544 discurrerit.
968 479 1064 545 Unde
1085 481 1265 544 necessitas
1288 476 1403 570 exigit,

284 593 320 646 ut
332 582 458 646 catenis
467 580 597 645 vinctus
609 581 739 646 costudi
745 594 836 645 retur
847 582 879 644 in
892 581 987 646 cella.
1002 583 1038 645 lu
1052 584 1115 646 hoe
1126 605 1259 670 quoque
1271 582 1406 647 damna·

285 685 380 748 cione
397 709 456 772 per
472 684 611 748 duorum
629 709 788 748 annorum
806 685 918 772 spacia
935 684 1141 763 debachans,
1160 683 1315 771 spiritum
1333 709 1406 750 exa·

285 787 374 851 lavit.
394 786 487 850 Alius
510 810 642 874 quoquc
662 786 860 851 Anatholius
877 786 1137 875 Burdegalensis
1159 810 1255 875 puer,
1279 786 1321 850 ad
1342 787 1404 865 ser,

285 913 445 953 annorum
471 889 666 968 duodecem,
687 913 760 952 cum
781 901 869 953 esset
889 889 1030 953 famulus
1055 888 1227 953 cuiusdam
1247 889 1405 978 negucia·
1437 921 1449 959 ε,

111 1006 166 1056 Fol.
178 1007 267 1054 ‘24st
285 1004 387 1069 tores,
400 990 496 1079 petiit
511 991 575 1054 sibi
590 991 630 1054 ad
647 992 887 1055 reclausionem
904 990 917 1081 ll
934 989 1074 1056 licencia
1084 991 1198 1055 tribui.
1218 991 1298 1070 Sed,
1310 993 1406 1056 resis-

284 1106 375 1158 tente
406 1093 462 1158 diu
494 1094 647 1172 domino,
680 1106 799 1180 potans
833 1118 907 1158 eum
940 1095 975 1158 in
1006 1095 1070 1158 hoe
1100 1092 1266 1181 tepiscere
1298 1095 1406 1183 adque

285 1195 425 1284 implere
437 1221 503 1260 non
515 1197 658 1284 possein
671 1196 733 1260 hae
747 1207 833 1274 etate
846 1195 936 1284 quod
951 1196 1119 1260 nitebatur
1130 1196 1327 1283 adpete[re],
1338 1210 1407 1261 tan·

279 1298 360 1364 dem
384 1299 490 1363 victus
510 1298 668 1385 precibus
689 1297 812 1377 samoli,
840 1298 1026 1363 l‘acultatem
1050 1298 1180 1378 tribuit,
1202 1311 1240 1362 ut
1262 1297 1296 1363 id
1318 1299 1407 1387 quod

285 1400 470 1490 sagitabunt
486 1400 652 1489 impleret.
675 1403 754 1466 Erat
768 1413 877 1465 autem
893 1401 941 1465 ibi
956 1403 1061 1490 cripta
1077 1402 1118 1465 ab
1139 1399 1286 1490 antiquis
1302 1413 1405 1466 trans·
1428 1433 1451 1472 n

285 1503 432 1567 volutum
453 1503 673 1593 eleganteque
698 1528 799 1591 opere
826 1505 988 1592 exposita,
1015 1504 1049 1568 in
1075 1502 1168 1568 cuius
1191 1504 1316 1594 angulo
1340 1516 1409 1569 erat

286 1606 404 1670 cellula
426 1630 523 1694 parva
545 1607 586 1670 dc
607 1605 776 1694 quadratis
799 1606 967 1695 lapidibus
989 1606 1088 1685 elasa,
1110 1607 1228 1695 inqua
1251 1607 1306 1670 vix
1325 1631 1408 1671 unus

286 1722 378 1773 stans
399 1710 500 1772 homo
524 1709 636 1797 recipe
666 1708 783 1796 possit.
811 1712 847 1774 ln
875 1710 937 1773 bac
962 1709 1078 1773 cellola
1100 1733 1184 1798 puer
1203 1707 1407 1799 ingreditur,

286 1813 319 1875 in
340 1812 402 1875 hae
430 1836 491 1899 per
511 1824 587 1876 octo
615 1824 671 1875 aut
692 1836 731 1875 eo
754 1812 895 1899 amplius
922 1836 1028 1876 annus
1052 1825 1286 1892 commoratus,
1317 1811 1410 1877 tenui

287 1915 371 2002 cybo
399 1924 545 2001 potuque
571 1927 766 1992 contentus,
792 1914 914 2003 vigiliis
943 1915 1225 2003 oracionibusque
1253 1912 1453 2005 ragabat.15

286 2019 366 2082 Post
383 2018 446 2080 hee
466 2041 621 2105 pavorem
642 2017 787 2082 validum
804 2041 1001 2106 perpessus,
1022 2017 1163 2082 clamare
1179 2018 1270 2106 cepit
1292 2017 1412 2082 intrin-

286 2148 382 2188 secus
395 2149 429 2189 se
440 2126 602 2212 torqueri.
619 2125 714 2190 Unde
729 2125 923 2202 factumest,
940 2137 987 2204 ut,
1000 2124 1176 2189 adiuvante
1187 2125 1231 2203 ei,
1244 2136 1282 2188 ut
1294 2125 1410 2202 credo,

286 2225 442 2291 diabolici
475 2228 578 2316 partis
611 2226 750 2307 milicia,
779 2227 897 2290 amotis
927 2226 1063 2316 quadris
1091 2227 1213 2316 quibus
1240 2227 1413 2292 conclusis

285 2330 474 2410 tenebatur,
497 2329 628 2394 eliderit
648 2328 810 2417 parietem
830 2330 862 2393 in
883 2341 1016 2410 terram,
1037 2329 1210 2395 conlidens
1231 2329 1363 2422 palmas
1382 2343 1415 2395 et

287 2432 432 2496 clamans
462 2458 496 2498 se
525 2459 542 2498 a
570 2435 692 2497 sanctis
720 2432 782 2496 Dei
813 2433 936 2519 peruri.
971 2435 1120 2522 Cumque
1153 2431 1347 2497 diutissime
1380 2433 1414 2498 in
1434 2463 1459 2502 ao

286 2535 348 2599 hac
369 2534 497 2600 insania
515 2548 685 2600 teneretur
704 2547 736 2599 ct
754 2534 860 2600 sancti
880 2534 1016 2600 Martini
1035 2534 1063 2599 si
1082 2535 1176 2622 prius
1194 2534 1417 2623 confiteretur

287 2637 433 2713 nomina,
449 2661 486 2701 ac
504 2637 636 2716 dicerit,
653 2663 687 2701 se
703 2637 819 2726 pocius
837 2640 878 2702 ab
894 2662 932 2702 eo
948 2661 1044 2725 quam
1065 2635 1222 2702 asanctis
1240 2637 1318 2702 aliis
1340 2661 1416 2703 eru·

288 2740 389 2818 ciare,
407 2740 583 2804 Thoronus
598 2740 794 2804 adducetur.
814 2741 880 2806 Sed
902 2740 1006 2804 malus
1024 2741 1217 2828 episcopus,
1236 2740 1354 2820 credo,
1374 2741 1417 2805 ob

286 2841 442 2907 virtutem
475 2843 582 2932 adque
612 2842 876 2932 magnitudinem
904 2844 1011 2907 sancti
1040 2866 1261 2931 conpressam,
1286 2866 1416 2932 nequa·

288 2968 386 3032 quam
407 2945 574 3009 hominem
593 2945 775 3009 mutclavit.
797 2949 878 3012 Nam
897 2947 929 3010 iu
947 2946 1021 3010 loco
1039 2946 1113 3034 ipso
1133 2968 1193 3031 per
1207 2946 1290 3010 sanni
1309 2945 1418 3011 circu·
1437 2976 1461 3017 25

146 3064 198 3114 Pol.
217 3065 271 3114 246.
288 3047 355 3110 luni
372 3045 385 3137 ll
403 3047 542 3137 degens,
565 3072 639 3113 cum
655 3047 740 3112 nihil
755 3049 847 3113 malae
866 3060 1053 3137 pateretur,
1073 3072 1247 3138 regressus
1262 3061 1334 3127 est,
1357 3050 1417 3114 sed

288 3173 402 3214 rursus
423 3174 487 3239 que
507 3162 658 3214 caruerat
677 3148 832 3214 incurrit.

330 3346 461 3412 XXXV.
477 3347 590 3434 Legati
607 3346 648 3410 de
665 3346 799 3433 Spauiis
817 3369 928 3434 regem
943 3343 1230 3409 Guutchramnum
1247 3356 1418 3411 venerunt

288 3472 360 3511 curn
392 3447 503 3511 multis
537 3449 746 3520 muneribus,
777 3471 892 3536 pacem
921 3460 1091 3535 petentem
1122 3447 1181 3512 sed
1213 3445 1301 3512 nihil
1332 3450 1417 3514 certi

145 3565 201 3615 col.
217 3566 271 3614 lon.
288 3547 456 3637 accipiunt
471 3551 503 3613 in
530 3551 710 3638 responsis.
732 3553 814 3616 Nam
828 3573 916 3614 anno
932 3548 945 3640 ll
963 3549 1135 3637 preterito,
1150 3572 1225 3613 cum
1245 3549 1417 3615 exereitus
1437 3581 1461 3621 aa

290 3651 535 3738 Septemaniam
552 3651 764 3730 debellasset,
781 3652 883 3730 navis,
903 3651 1023 3740 quode
1039 3651 1163 3716 Galleis
1183 3651 1218 3715 in
1235 3650 1417 3720 Gallieiam

288 3752 449 3834 abierant,
472 3778 512 3818 ex
532 3755 621 3818 iusso
644 3754 813 3819 Leuvieldi
834 3755 922 3844 regis
947 3767 1071 3818 vastate
1093 3766 1183 3832 sunt,
1210 3777 1265 3818 res
1288 3754 1414 3834 ablate,

287 3854 433 3920 hominis
449 3856 516 3936 cesi
531 3870 629 3945 atque
642 3857 820 3936 interlecti,
841 3856 1015 3921 nunnulli¹
1033 3855 1155 3945 captivi
1165 3855 1306 3921 abducti
1322 3871 1414 3922 sunt.

288 3963 336 4025 Ex
356 3960 477 4050 quibus
499 3961 594 4051 pauci
615 3963 848 4051 quodadmodo
872 3963 969 4028 scalis
987 3960 1106 4051 erepti,
1128 3961 1236 4050 patrie
1257 3987 1325 4052 que
1341 3976 1415 4028 ueta

287 4064 418 4127 fuerant
436 4066 687 4132 nonciavernnt.
1435 4092 1460 4132 as

288 4198 1408 4223 ..........-........-....-...-..............................,.

318 4259 342 4306 l.
362 4262 433 4309 Corr.
446 4261 574 4309 nonnulli.
